1507 2492
639 89 765 114 mann
786 89 828 114 11.
1290 79 1364 113 163

96 162 221 209 plures
253 167 365 208 erant,
399 162 518 208 major
551 163 687 198 caedes
720 164 802 199 suit.
854 164 911 199 Ex
938 163 1007 198 hac
1041 162 1146 197 clade
1178 167 1280 197 atrox
1313 163 1366 196 ira

95 209 246 256 majoris
279 209 397 244 cladis
429 222 541 245 causa
575 218 684 256 atque
719 212 862 246 initium
905 211 984 246 suit.
1051 210 1220 256 Trajecto
1264 210 1365 244 enim

95 264 203 292 nocte
228 257 361 303 Tiberi,
389 265 508 292 castra
534 258 672 293 Servilii
699 259 859 293 consulis
885 259 999 293 adorti
1025 266 1107 293 sunt
1133 268 1363 303 oppugnare:

95 304 182 340 inde
216 304 286 339 susi
321 316 454 350 magna
495 306 610 340 caede
646 306 682 340 in
714 307 925 341 Janiculum
959 318 999 340 se
1032 317 1141 351 aegre
1176 315 1363 350 recepere.

96 351 298 387 Confestim
327 352 453 386 consul
487 360 523 387 et
550 354 625 399 ipse
656 355 779 388 transit
814 354 989 399 Tiberim,
1020 361 1139 388 castra
1171 352 1240 388 sub
1270 352 1364 387 Jani-

95 398 178 434 culo
205 400 418 434 communit.
471 400 617 435 Postero
642 400 702 435 die
731 401 812 435 luce
840 408 926 446 orta,
947 401 1110 435 nonnihil
1136 406 1172 434 et
1198 401 1367 435 hesterna

95 445 273 482 felicitate
303 458 445 492 pugnae
475 446 585 493 ferox,
617 449 735 493 magis
763 455 887 482 tamen
916 450 1011 494 quod
1047 449 1166 494 inopia
1194 447 1367 482 frumenti

96 494 266 540 quamvis
299 495 334 528 in
368 495 590 541 praecipitia,
621 495 709 530 dum
743 496 917 530 celeriora
951 502 1083 540 essent,
1118 494 1250 540 agebat
1283 506 1366 528 con-

97 541 186 586 silia,
223 546 361 576 temere
397 541 550 576 adverso
592 542 757 577 Janiculo
799 543 845 578 ad
887 551 1006 577 castra
1047 543 1203 577 hostium
1247 542 1366 576 aciem

97 589 238 634 erexit,¹
279 588 494 634 foediusque
539 589 623 624 inde
672 590 806 636 pulsus,
851 602 959 636 quam
1005 590 1120 636 pridie
1165 590 1365 635 pepulerat,

96 635 302 670 interventu
337 635 501 681 collegae
539 637 614 682 ipse
649 639 904 683 exercitusque
938 644 993 672 est
1027 643 1203 672 servatus.
1271 637 1368 671 lnter

97 682 190 718 duas
206 685 306 717 acies
327 683 479 730 Etrusci,
500 695 584 718 oum
604 685 762 719 invicem
787 685 844 719 his
869 691 977 730 atque
1005 685 1075 720 illis
1102 691 1201 729 terga
1227 683 1365 729 darent,

96 730 285 765 occidione
317 731 456 765 occisi.²
521 731 576 766 Ita
609 742 822 778 oppressum
857 733 1066 767 temeritate
1100 731 1198 766 felici
1232 732 1369 766 Veiens

97 777 252 813 bellum.

147 827 204 859 52.
233 824 319 860 Urbi
345 836 430 860 curn
457 837 548 872 pace
575 826 690 861 laxior
714 827 828 861 etiam
853 838 996 861 annona
1022 826 1139 871 rediit,
1160 834 1195 861 et
1213 826 1368 861 advecto

96 883 144 907 ex
186 872 387 918 Campania
431 872 625 919 frumento,
660 880 696 908 et
739 882 930 920 postquam
975 875 1081 909 timor
1123 874 1192 908 sibi
1234 875 1368 919 cuique

95 918 241 954 futurae
271 920 415 966 inopiae
440 921 541 964 abiit,
563 932 615 966 e0,
636 921 732 967 quod
759 922 924 956 abditum
954 922 1082 967 suerat,
1111 922 1259 967 prolato.
1313 921 1369 955 Ex

95 966 202 1013 copia
218 965 353 1001 deinde
371 967 515 1014 otioque
534 968 703 1003 lascivire
728 980 848 1003 rursus
874 970 998 1015 animi,
1019 976 1054 1003 et
1083 969 1231 1015 pristina
1258 968 1369 1013 rnala,

95 1020 290 1061 postquam
324 1013 410 1048 foris
443 1016 606 1060 deerant,
641 1016 740 1050 domi
779 1028 966 1061 quaerere.
1033 1016 1184 1051 Tribuni
1220 1015 1369 1062 plebem

95 1062 234 1106 agitare
272 1073 336 1096 suo
375 1073 529 1108 veneno,
563 1064 702 1107 agraria
737 1063 842 1108 lege,
885 1064 920 1098 in
965 1064 1175 1098 resistentes
1217 1064 1369 1097 incitare

97 1108 234 1152 Patres,
255 1119 324 1143 nec
342 1109 378 1142 in
395 1110 584 1144 universos
602 1110 720 1155 modo,
741 1110 804 1144 sed
828 1112 862 1144 in
890 1111 1061 1156 singulos.
1114 1111 1156 1149 Q.
1176 1110 1369 1146 Considius

97 1161 134 1190 et
162 1155 205 1190 T.
233 1155 430 1201 Genucius,
461 1163 630 1191 auctores
661 1158 824 1201 agrariae
859 1157 959 1203 legis,
985 1159 1025 1192 T.
1062 1158 1236 1193 Menenio
1269 1158 1369 1192 diem

97 1201 235 1237 dicunt.
286 1203 450 1237 Invidiae
479 1211 555 1238 erat
585 1204 761 1238 amissum
792 1205 986 1240 Cremerae
1019 1206 1252 1252 praesidium,
1283 1216 1369 1240 cum

97 1249 197 1285 haud
230 1250 355 1296 procul
389 1250 472 1284 inde
507 1251 639 1286 stativa
672 1251 798 1286 consul
832 1252 1029 1287 habuisset.
1083 1253 1151 1287 Ea³
1177 1252 1369 1299 oppressit,

97 1308 183 1332 cum
203 1303 238 1331 et
258 1297 382 1332 Patres
398 1297 496 1332 haud
517 1298 637 1333 minus
654 1310 765 1345 quam
789 1311 850 1345 pro
876 1300 1062 1335 Coriolano
1087 1301 1206 1335 annisi
1233 1306 1368 1346 essent,

99 1351 135 1379 et
169 1345 281 1390 patris
314 1345 511 1390 Agrippae⁴
539 1345 641 1380 favor
674 1346 861 1382 hauddum
896 1348 1127 1382 exolevisset.
1179 1347 1219 1382 In
1255 1347 1370 1382 multa

97 1393 362 1438 temperarunt-‘³
395 1393 548 1427 tribuni:
592 1405 675 1429 cum
712 1395 840 1441 capitis
873 1396 1128 1441 anquisissent,
1163 1394 1234 1429 duo
1268 1395 1370 1429 milia

97 1439 196 1474 aeris
213 1439 385 1474 damnato
405 1440 558 1475 multam
576 1440 757 1476 dixerunt.
810 1442 865 1476 Ea
890 1443 925 1476 in
951 1449 1060 1488 caput
1079 1443 1206 1476 vertit:
1235 1447 1370 1487 negant

99 1486 228 1521 tulisse
257 1487 493 1532 ignominiam
519 1488 884 1534 aegritudinemque,
919 1490 1004 1524 inde
1039 1490 1164 1524 morbo
1197 1490 1370 1535 absump-

99 1539 179 1568 tum
213 1545 307 1568 esse.
374 1534 480 1569 Alius
512 1535 647 1569 deinde
682 1547 763 1570 reus
796 1537 854 1582 Sp.
889 1537 1072 1581 Servilius,
1108 1543 1146 1571 ut
1180 1536 1372 1571 consulatu

98 1580 200 1626 abiit,
244 1581 281 1616 C.
325 1582 461 1616 Nautio
504 1588 540 1616 et
582 1583 621 1617 P.
656 1583 800 1617 Valerio
843 1584 1062 1629 consulibus,
1106 1584 1205 1618 initio
1246 1584 1371 1618 statim

100 1629 187 1662 anni
222 1628 270 1663 ab
298 1628 336 1663 L.
364 1629 535 1664 Caedicio
562 1636 597 1664 et
623 1630 665 1664 T.
693 1630 806 1665 Statio
833 1630 984 1665 tribunis
1010 1631 1068 1665 die
1096 1631 1204 1676 dicta,
1230 1643 1298 1666 non
1332 1636 1372 1665 ut

101 1674 313 1721 Menenius,
332 1676 506 1722 precibus
530 1678 605 1711 suis
629 1683 690 1711 aut
718 1678 875 1722 Patrum,
896 1678 959 1712 sed
987 1689 1069 1713 cum
1098 1679 1212 1713 multa
1239 1679 1373 1714 fiducia

104 1721 335 1758 innocentiae
367 1725 579 1770 gratiaeque
612 1725 824 1759 tribunicios
856 1726 1015 1772 impetus
1048 1726 1141 1761 tulit.
1205 1727 1252 1761 Et
1284 1726 1373 1760 huic

143 1856 154 1873 ¹
172 1857 179 1871 ¹
192 1854 245 1886 He
262 1854 418 1886 marched
432 1865 474 1894 up
488 1855 545 1886 the
560 1854 750 1887 Janiculum
764 1856 907 1888 towards
921 1857 976 1888 the
990 1868 1084 1896 camp
1098 1858 1135 1889 of
1145 1858 1201 1890 the
1215 1869 1335 1899 enemy
1348 1860 1369 1895 ;'

103 1894 1018 1969 '’¹⁹“151‘l2yf1v2‘2‘ssssssff‘essh‘iessffi'¹⁰3„?r{258p3⁰{e-d{⁰
1042 1899 1133 1930 *¹⁸⁰³
1180 1899 1255 1948 The
1280 1910 1372 1931 ΞΜ

104 1945 179 1993 m¹²g⁶
194 1975 395 2046 Theyi‘yvere
408 1946 526 2015 totalljly
538 1947 766 2012 annihilated‚’
786 1960 825 2008 au
839 1949 1082 2016 exgregsticitrinof
1092 1978 1244 2019 frequent
1259 1990 1371 2011 occur-

110 2024 209 2046 rence
226 2025 258 2046 in
307 2026 337 2046 iv
364 2039 371 2046 .

145 2055 157 2073 ³
168 2026 410 2100 ssa—nam{ly‚
429 2057 573 2087 invidia.-
600 2056 657 2087 the
679 2056 833 2093 editions,
853 2065 1004 2098 contrary
1020 2065 1055 2090 to
1078 2059 1134 2091 the
1158 2059 1326 2099 authority
1342 2058 1380 2090 of

104 2093 162 2126 the
180 2103 411 2134 manuscripts,
430 2096 508 2127 read
525 2108 594 2127 eum
608 2104 847 2137 oppresserunt.

147 2137 159 2154 ⁴
174 2135 238 2166 See
255 2135 391 2174 chapter
407 2139 456 2168 33.

143 2177 156 2194 ⁵
172 2179 179 2191 ‘
192 2175 290 2215 They
303 2175 483 2207 restrained
496 2176 726 2213 themselves‚’
745 2184 962 2219 temperarunt
973 2181 1052 2211 sibi.-
1077 2190 1133 2210 see
1147 2180 1256 2211 Grnm.
1269 2179 1286 2212 ὑ
1300 2181 1372 2217 264,

103 2221 182 2246 note
211 2217 242 2248 2.
302 2215 427 2257 Capitis
454 2218 636 2255 anquirere,
675 2221 682 2233 ‘
695 2225 728 2247 to
758 2218 909 2250 institute
944 2230 963 2250 a
997 2220 1069 2250 trial
1101 2230 1188 2258 upon
1213 2230 1232 2250 a
1257 2221 1376 2251 crimen

103 2256 246 2328 Ξζιιέέεβ
272 2256 306 2288 in
329 2256 438 2288 which
462 2256 517 2287 the
544 2263 638 2298 caput
664 2257 731 2294 (the
754 2258 904 2298 physical
926 2270 962 2291 or
986 2260 1064 2292 civil
1086 2260 1268 2295 existence)
1292 2260 1320 2291 is
1343 2266 1376 2291 at
