1539 2508
109 75 190 112 270
658 83 694 108 T.
716 82 830 108 Livii.

105 159 205 195 aliud
240 158 393 204 longius,
427 164 592 193 ceterum
632 156 864 192 commodius
899 154 1151 190 ostenderetur
1186 155 1266 201 iter,
1299 164 1378 201 pro-

105 208 245 254 piorem
275 208 372 241 viam
403 217 466 251 per
493 204 666 251 paludem
695 205 796 250 petit,
824 214 896 249 qua
922 202 1055 238 fluvius
1080 204 1201 238 Arnus
1225 213 1291 249 per
1315 212 1379 236 eos

105 254 188 289 dies
213 254 315 289 solito
343 254 460 297 magis
487 252 738 286 inundaverat.
791 251 970 297 Hispanos
993 257 1030 285 et
1059 250 1167 286 Afros
1201 255 1238 284 et
1267 259 1378 284 omne

105 301 270 336 veterani
311 300 416 335 robur
456 300 648 344 exercitus,
684 298 859 333 admixtis
894 298 1052 344 ipsorum
1089 295 1376 343 impedimentis,

104 349 239 384 necubi
259 350 457 383 consistere
477 347 612 381 coactis
631 347 838 381 necessaria
855 344 900 380 ad
921 356 1009 379 usus
1033 344 1217 391 deessent,
1236 344 1378 391 primos

104 395 158 431 ire
183 396 309 442 jussit,
337 396 438 440 sequi
467 394 602 438 Gallos,
623 400 660 428 ut
689 394 724 428 id
753 393 910 438 agminis
928 392 1091 427 medium
1109 400 1231 436 esse13
1258 391 1378 426 novis-

105 443 217 478 simos
252 444 302 477 ire
332 443 496 488 equites3
531 442 731 487 Magonem
764 441 847 475 inde
876 451 963 475 cum
990 439 1174 485 expeditis
1203 437 1377 474 Numidis

105 502 236 536 cogere
266 502 411 536 agmen,
443 490 605 524 maxime
639 488 774 534 Gallos,
805 489 835 522 si
867 487 987 522 taedio
1017 486 1149 522 laboris
1174 485 1378 532 longaeque

103 538 197 583 viae,
228 544 265 572 ut
298 545 353 571 est
388 537 508 571 mollis
540 536 587 570 ad
622 536 710 570 talia
740 547 844 581 gens,
873 534 1122 569 dilaberentur
1150 539 1213 568 aut
1242 533 1377 568 subsis-

105 591 234 630 terent,
264 584 514 620 cohibentem.
567 584 689 629 Primi,
718 595 791 630 qua
819 583 926 618 modo
955 582 1136 628 praeirent
1162 580 1287 627 duces,
1315 591 1379 626 per

104 633 286 679 praealtas
316 632 415 667 fluvii
450 644 493 666 ac
524 631 722 678 profundas
756 630 972 675 voragines,¹
1007 628 1129 664 hausti
1163 639 1258 675 pene
1291 627 1378 663 limo

104 681 444 726 immergentesque
474 691 513 714 se
544 686 669 714 tamen
696 679 800 724 signa
826 677 1086 724 sequebantur.
1137 675 1231 722 Galli
1257 686 1378 722 neque

105 728 285 762 sustinere
316 739 355 762 se
384 727 540 773 prolapsi
570 738 690 772 neque
719 737 911 771 assurgere
939 736 985 760 ex
1015 723 1250 769 voraginibus
1279 728 1379 770 pote-

106 782 196 821 rant,
229 781 290 809 aut
324 786 472 821 corpora
505 775 637 809 animis
669 781 732 809 aut
766 774 910 808 animos
943 783 1008 819 spe
1042 771 1283 816 sustinebant,
1317 769 1379 804 alii

106 822 205 857 fessa
232 834 341 868 aegre
370 822 557 857 trahentes
584 822 761 866 membra,
789 821 862 866 alii,
891 819 954 855 ubi
977 818 1094 854 semel
1120 818 1228 853 victis
1256 816 1379 852 taedio

104 870 240 905 animis
266 870 556 916 procubuissent,
582 870 676 903 inter
700 869 866 914 jumenta
892 874 928 902 et
955 867 1033 913 ipsa
1055 866 1217 912 jacentia
1241 865 1379 912 passim

105 917 333 952 morientes.²
383 917 622 962 Maximeque
656 917 820 950 omnium
854 914 1004 960 vigiliae
1038 912 1282 948 conficiebant
1314 923 1379 958 per

106 964 342 1011 quatriduum
367 965 442 1010 jam
467 971 503 998 et
530 971 603 998 tres
629 970 755 998 noctes
782 963 966 997 toleratae.
1019 961 1111 996 Cum
1138 960 1263 995 omnia
1287 959 1377 994 obti-

107 1012 280 1047 nentibus
309 1013 413 1057 aquis
446 1011 548 1056 nihil,
577 1011 638 1046 ubi
668 1011 703 1045 in
739 1011 835 1045 sicco
862 1010 960 1044 fessa
990 1015 1192 1043 sternerent
1219 1018 1377 1054 corpora,

109 1059 264 1094 inveniri
291 1066 432 1105 posset:
461 1059 660 1093 cumulatis
687 1058 720 1092 in
747 1069 863 1103 aquas
888 1056 1042 1090 sarcinis
1067 1056 1214 1101 insuper
1239 1055 1378 1089 incum-

110 1107 267 1153 bebant3
292 1107 540 1153 jumentorum
561 1106 689 1140 itin'ere
709 1112 782 1139 toto
808 1110 1067 1150 prostratorum
1093 1102 1231 1149 passim
1256 1101 1380 1137 acervi

108 1161 263 1200 tantum,
292 1154 388 1200 quod
419 1160 558 1188 extaret
585 1164 692 1198 aqua,
721 1151 985 1198 quaerentibus
1012 1149 1059 1185 ad
1089 1151 1252 1196 quietem
1278 1149 1380 1196 parvi

109 1203 283 1248 temporis
305 1201 558 1236 necessarium
585 1200 706 1235 cubile
733 1198 898 1234 dabant}³
947 1198 1030 1244 Ipse
1057 1196 1240 1232 Hannibal
1268 1207 1380 1243 aeger

110 1250 225 1285 oculis
259 1261 305 1284 ex
339 1260 451 1283 verna
484 1249 642 1295 primum
674 1248 891 1293 intemperie
921 1247 1083 1280 variante
1109 1244 1248 1280 calores
1273 1244 1379 1290 frigo-

111 1309 233 1343 raque,
262 1295 457 1342 elephanto
487 1297 547 1341 qui
579 1307 672 1329 unus
697 1294 936 1340 superfuerat,
965 1304 1037 1340 quo
1066 1292 1177 1327 altius
1203 1291 1251 1328 ab
1284 1303 1381 1338 aqua

110 1352 263 1390 extaret,
290 1350 430 1384 vectus,
459 1343 595 1388 vigiliis
621 1342 785 1376 tandem⁴
817 1348 854 1376 et
880 1347 1054 1375 nocturno
1080 1340 1232 1375 humore
1260 1339 1380 1385 palus-

110 1392 230 1439 trique
249 1391 351 1426 coelo
377 1397 554 1436 gravante
580 1396 700 1435 caput,
719 1395 756 1424 et
781 1389 868 1434 quia
893 1387 1069 1423 medendi
1086 1398 1158 1422 nec
1182 1386 1285 1422 locus
1310 1397 1381 1421 nec

110 1447 259 1485 tempus
276 1445 363 1484 erat,
383 1437 495 1472 altero
514 1437 619 1472 oculo
637 1437 806 1483 capitur.⁵

160 1490 193 1521 3.
220 1486 351 1521 Multis
377 1484 588 1520 hominibus
612 1484 863 1531 jumentisque
886 1481 994 1517 foede
1020 1482 1168 1517 amissis
1192 1493 1277 1517 cum
1303 1487 1381 1516 tan-

112 1535 200 1570 dem
229 1532 275 1568 de
302 1533 498 1580 paludibus
527 1533 750 1578 emersisset,
783 1531 843 1566 ubi
871 1530 1033 1577 primum
1061 1529 1100 1564 in
1125 1529 1224 1564 sicco
1251 1529 1380 1575 potuit,

112 1588 232 1618 castra
258 1581 375 1625 locat3
404 1587 620 1626 certumque
646 1591 711 1626 per
737 1579 959 1626 praemissos
983 1577 1229 1624 exploratores
1253 1575 1382 1611 habuit

113 1630 316 1665 exercitum
350 1629 555 1664 Romanum
589 1627 686 1662 circa
715 1627 851 1662 Arretii
884 1625 1028 1661 moenia
1061 1636 1156 1660 esse.
1218 1623 1383 1660 Consulis

113 1677 246 1712 deinde
265 1676 418 1712 consilia
435 1682 545 1722 atque
570 1676 736 1710 animum
762 1682 799 1709 et
825 1674 935 1709 situm
961 1672 1153 1719 regionum
1179 1672 1382 1717 itineraque

113 1780 241 1820 though
258 1781 281 1811 it
299 1781 404 1820 might
422 1780 505 1811 have
527 1780 612 1810 been
636 1777 799 1817 expected
823 1778 891 1809 that
916 1775 1083 1808 Hannibal
1106 1775 1217 1807 would
1240 1775 1383 1814 proceed

114 1821 258 1860 through
277 1820 445 1859 Cisalpine
464 1820 552 1851 Gaul
568 1827 602 1850 to
619 1819 821 1850 Arminium.
868 1817 924 1849 No
940 1817 1043 1849 doubt
1067 1815 1265 1852 Flaminius,
1283 1815 1383 1847 when

114 1861 232 1900 taking
247 1871 290 1900 up
307 1861 358 1892 his
372 1861 513 1900 position
532 1867 563 1891 at
583 1860 753 1890 Arretium
771 1864 858 1893 (now
874 1859 1030 1894 Arezzo)‚
1047 1857 1080 1888 in
1097 1856 1152 1887 the
1169 1855 1202 1887 hi
1228 1856 1287 1886 her
1309 1862 1382 1894 part

115 1901 153 1932 of
165 1901 309 1937 Etruria,
329 1901 393 1932 had
409 1908 441 1932 at
459 1901 514 1932 the
531 1911 623 1932 same
641 1900 720 1931 time
737 1898 893 1930 obtained
910 1898 966 1929 the
983 1896 1159 1929 command
1175 1907 1194 1928 0
1230 1896 1286 1927 the
1303 1895 1383 1927 road

115 1942 198 1973 from
224 1941 311 1972 Gaul
335 1942 403 1972 into
427 1941 578 1979 Etruria;
608 1941 686 1972 thus
710 1939 836 1978 forcing
860 1938 1028 1970 Hannibal
1050 1945 1084 1968 to
1106 1936 1183 1968 take
1206 1936 1264 1968 the
1285 1942 1382 1968 route

116 1993 228 2015 across
246 1982 300 2013 the
318 1981 420 2013 lower
437 1989 507 2020 part
524 1981 561 2012 of
580 1982 635 2012 the
654 1983 758 2017 Arno,
778 1981 932 2011 between
949 1978 1111 2010 Florence
1127 1976 1192 2009 and
1208 1976 1299 2008 Pisa.

157 2025 166 2042 ¹
184 2027 191 2039 ⁶
204 2022 297 2061 Deep
313 2022 377 2053 and
394 2022 592 2052 bottomless
610 2021 729 2057 holes‚’
749 2031 768 2052 a
783 2020 966 2059 pleonasm.

155 2063 214 2094 ²A
237 2073 318 2102 very
342 2062 428 2102 good
450 2062 634 2092 exhibition
657 2061 695 2092 of
712 2061 768 2092 the
794 2060 904 2091 Celtic
926 2057 1295 2091 character—warlike
1317 2056 1383 2089 and

116 2103 296 2140 excitable‚
315 2104 373 2134 but
391 2109 446 2133 not
463 2101 580 2140 steady
597 2112 633 2132 or
649 2101 873 2140 persevering.
1069 2119 1073 2122 »

157 2146 168 2163 ⁸
184 2148 191 2161 ‘
206 2144 281 2175 The
299 2143 401 2182 heaps
417 2141 454 2173 of
465 2141 565 2172 fallen
583 2143 694 2172 beasts
711 2141 858 2172 afforded
874 2140 966 2172 them
983 2150 1002 2171 a
1016 2138 1238 2179 restingplace
1253 2137 1334 2178 only
1348 2137 1384 2169 iu

117 2196 155 2216 so
171 2184 219 2216 far
235 2195 270 2215 as
288 2184 311 2215 it
327 2194 400 2215 rose
418 2190 473 2214 out
491 2181 527 2212 of
546 2182 600 2212 the
619 2182 742 2212 water.⁹
1287 2196 1290 2197 ν

157 2227 169 2244 ⁴
185 2229 192 2241 ‘
206 2226 254 2256 At
271 2224 362 2260 last,‘
381 2223 531 2263 pointing
547 2221 633 2252 back
651 2229 683 2252 to
697 2223 847 2262 primum.

157 2267 170 2284 ⁶
184 2265 349 2304 Compare
373 2264 439 2296 xxi.
458 2265 510 2298 58,
529 2272 558 2302 p.
576 2264 649 2298 258,
676 2269 753 2293 note
777 2265 805 2293 5.
851 2259 1019 2293 Hannibal
1041 2269 1112 2291 saw
1133 2256 1384 2290 henceforward

118 2305 197 2346 only
213 2306 294 2337 with
312 2306 367 2336 the
384 2304 440 2336 left
459 2314 531 2343 eye.
