1507 2476
107 87 161 123 28
642 101 676 126 ·r.
707 101 819 126 mvn.

154 173 186 204 9.
213 171 294 206 Jam
323 182 381 206 res
406 173 569 207 Romana
601 173 693 208 adeo
721 179 797 208 erat
826 175 958 220 valida,
986 180 1025 210 ut
1058 174 1210 209 cuilibet
1242 174 1351 209 finiti-

105 228 249 252 marum
277 217 478 254 civitatium
509 220 602 254 bello
630 232 692 266 par
721 228 838 266 esset,
873 221 936 256 sed
971 223 1121 268 penuria
1154 221 1350 256 mulierum

105 264 264 300 hominis
295 271 455 301 aetatem
491 268 661 301 duratura
695 269 908 312 magnitudo
936 275 1021 314 erat,
1050 270 1184 315 quippe
1219 269 1352 313 quibus
1402 283 1407 289 ·

105 323 175 346 nec
202 311 300 346 domi
335 324 418 358 spes
451 314 560 359 prolis
593 326 661 348 nec
695 326 775 349 cum
812 316 974 351 finitimis
1005 316 1183 350 connubia
1215 321 1349 349 essent.

105 359 202 393 Tum
235 370 281 393 ex
315 360 462 394 consilio
502 361 649 396 Patrum
691 362 866 396 Romulus
907 363 1045 407 legatos
1085 363 1181 397 circa
1214 363 1352 396 vicinas

104 412 235 450 gentes
268 406 375 451 misit,
412 408 471 452 qui
516 409 729 443 societatem
764 410 1058 455 connubiumque
1092 420 1183 443 novo
1218 408 1350 455 populo

105 458 293 498 peterent:
331 454 448 488 Urbes
475 466 629 500 quoque,
658 462 695 490 ut
723 462 854 499 cetera,
882 469 928 491 ex
962 458 1083 491 infimo
1113 457 1232 500 nasci3
1265 455 1351 489 dein

105 510 196 544 quas
214 511 279 533 sua
297 500 407 534 virtus
425 512 467 535 ac
486 502 533 535 dii
551 502 688 547 juvent,
710 515 863 549 magnas
888 515 975 549 opes
1001 504 1072 538 sibi
1099 512 1350 547 magnumque

105 557 238 580 nomen
257 546 389 581 facere.
441 549 533 582 Satis
551 549 642 583 scire
661 550 786 594 origini
813 550 1000 584 Romanae
1026 557 1061 584 et
1089 550 1177 584 deos
1201 549 1350 583 affuisse

106 599 142 626 et
176 604 245 627 uon
278 593 487 629 defuturam
521 596 704 630 virtutem.
757 597 907 631 Proinde
942 609 986 631 ne
1019 603 1255 642 gravarentur
1290 595 1350 629 ho-

105 640 223 674 mines
247 651 332 674 cum
358 640 569 676 hominibus
594 644 806 687 sanguinem
833 655 876 677 ac
901 655 1016 688 genus
1042 645 1207 678 miscere.
1257 643 1351 677 Nus-

104 698 213 731 quam
244 686 402 731 benigne
429 688 561 733 legatio
588 690 711 723 audita
744 697 819 724 est:
854 690 945 724 adeo
979 691 1085 725 simul
1120 690 1348 736 spernebant,

105 733 215 767 simul
249 739 387 769 tantam
414 735 448 769 in
476 736 596 770 medio
622 743 849 771 crescentem
876 737 1012 772 molem
1038 738 1105 772 sibi
1131 749 1174 771 ao
1199 736 1351 782 posteris

105 780 179 814 suis
212 781 438 816 metuebant.
488 785 521 817 A
554 784 734 828 plerisque
763 785 1002 827 rogitantibus
1028 784 1181 829 dimissi,
1209 783 1350 828 ecquod

104 826 253 861 feminis
269 839 413 873 quoque
430 830 572 875 asylum
592 831 818 875 aperuissent
831 832 844 865 ’.ῑ
871 831 905 865 id
925 832 1025 866 enim
1042 831 1190 865 demum
1205 841 1352 875 compar

104 874 328 908 connubium
357 874 445 909 fore.
496 879 615 921 Aegre
644 876 679 911 id
709 878 872 912 Romana
899 879 1017 923 pubes
1043 889 1159 923 passa,
1187 884 1222 911 et
1252 876 1351 911 haud

104 920 216 954 dubie
243 921 289 955 ad
317 922 392 956 vim
421 929 585 968 spectare
620 935 678 957 res
704 926 833 969 coepit.
885 926 950 960 Cui
979 932 1124 970 tempus
1156 924 1351 968 locumque

103 973 229 1012 aptum
263 974 301 1002 ut
335 968 436 1002 daret
462 970 645 1015 Romulus,
674 971 939 1015 aegritudinem
967 972 1079 1006 animi
1106 971 1350 1015 dissimulans,

103 1013 209 1048 ludos
234 1025 280 1049 ex
306 1015 483 1050 industria
510 1023 611 1062 parat
638 1018 806 1063 Neptuno
833 1019 992 1064 equestri
1018 1019 1233 1053 sollemnes:
1261 1018 1351 1051 Con-

104 1060 219 1094 sualia
252 1064 383 1096 νοοειῑ.ι
433 1063 548 1098 Indici
582 1064 715 1098 deinde
750 1065 912 1099 finitimis
947 1065 1195 1111 spectaculum
1227 1064 1350 1110 jubet,

104 1113 313 1153 quantoque
354 1117 528 1155 apparatu
570 1116 645 1145 tum
690 1111 851 1146 sciebant
884 1119 944 1146 aut
977 1118 1152 1158 poterant,
1187 1111 1351 1145 concele-

103 1153 219 1199 brant,
240 1161 278 1189 ut
305 1167 381 1190 rem
407 1156 544 1191 claram
571 1163 873 1203 expectatamque
900 1159 1073 1193 facerent.
1124 1158 1233 1193 Multi
1259 1169 1350 1192 mor-

104 1201 198 1235 tales
215 1213 430 1247 convenere‚
450 1204 568 1238 studio
588 1206 698 1239 etiam
717 1204 900 1239 videndae
919 1217 1033 1240 novae
1059 1205 1168 1251 urbis,
1188 1205 1351 1240 maxime

104 1248 259 1293 proximi
278 1251 421 1295 quique,
442 1251 697 1296 Caeninenses,
718 1252 947 1298 Crustumini,
967 1254 1219 1287 Antemnates.
1269 1253 1349 1287 Jam

104 1294 318 1330 Sabinorum
336 1297 454 1330 omnis
473 1298 664 1332 multitudo
684 1311 769 1332 cum
787 1298 911 1333 liberis
936 1311 980 1333 ac
1006 1299 1221 1345 conjugibus
1239 1299 1350 1332 veuit.

105 1341 250 1376 Invitati
284 1343 507 1388 hospitaliter
541 1355 604 1389 per
637 1345 772 1389 domos,
808 1357 892 1380 curn
927 1346 1036 1380 situm
1069 1346 1286 1391 moeniaque
1315 1351 1352 1379 et

105 1388 336 1434 frequentem
363 1390 470 1424 tectis
496 1391 622 1425 urbem
642 1392 825 1435 vidissent,
845 1393 1019 1427 mirantur
1045 1398 1122 1427 tam
1146 1392 1248 1427 brevi
1274 1403 1352 1426 rem

105 1434 310 1470 Romanam
343 1437 514 1471 crevisse.
582 1438 653 1472 Ubi
694 1439 894 1484 spectaculi
929 1446 1074 1484 tempus
1107 1439 1217 1482 venit,
1253 1438 1352 1473 dedi-

106 1488 239 1528 taeque
257 1484 314 1517 eo²
329 1490 474 1518 mentes
500 1496 584 1518 cum
610 1485 725 1519 oculis
750 1492 861 1531 erant,
881 1495 958 1520 tum
984 1497 1031 1520 ex
1055 1486 1252 1531 composito
1278 1492 1354 1520 orta

105 1530 170 1574 vis,
199 1531 371 1576 signoque
399 1531 483 1565 dato
508 1531 680 1577 juventus
707 1532 873 1566 Romana
902 1532 946 1566 ad
977 1533 1170 1578 rapiendas
1196 1532 1354 1577 virgines

106 1576 286 1612 discurrit.
336 1578 474 1623 Magna
506 1590 590 1624 pars
622 1578 723 1622 forte,
753 1580 789 1613 in
822 1591 928 1624 quem
965 1591 1132 1625 quaeque
1165 1579 1351 1625 inciderat,

106 1632 251 1669 raptae3
278 1624 456 1670 quasdam
482 1624 598 1660 forma
624 1626 849 1660 excellentes
874 1627 1090 1672 primoribus
1107 1626 1254 1660 Patrum
1273 1625 1353 1660 des-

107 1671 241 1705 tinatas
274 1682 320 1705 ex
352 1672 461 1717 plebe
496 1672 673 1716 homines,
710 1673 842 1718 quibus
883 1673 1008 1708 datum
1042 1673 1228 1717 negotium
1264 1678 1352 1717 erat,

107 1716 235 1752 domos
253 1717 478 1753 deferebant.
529 1719 648 1754 Unam
667 1719 771 1764 longe
790 1726 873 1754 ante
891 1720 983 1754 alias
993 1720 1118 1766 specie
1136 1730 1180 1753 ac
1197 1719 1354 1765 pulchri·

108 1763 234 1798 tudine
262 1765 440 1809 insignem
467 1777 489 1799 a
513 1766 619 1809 globo
646 1766 801 1800 Talassii
828 1766 1021 1812 cujusdam
1047 1773 1186 1811 raptam
1220 1766 1352 1811 ferunt,

108 1811 307 1856 multisque
344 1812 625 1856 sciscitantibus,
662 1813 808 1847 cuinam
843 1825 925 1847 eam
960 1813 1104 1856 ferrent,
1139 1812 1352 1858 identidem,

109 1869 154 1891 ne
181 1858 260 1902 quis
285 1858 445 1902 violaret,
466 1859 628 1893 Talassio
655 1859 738 1893 ferri
764 1860 1014 1894 clamitatum:
1043 1859 1128 1893 inde
1153 1860 1356 1905 nuptialem

109 1903 203 1938 hanc
234 1916 360 1939 vocem
390 1905 556 1939 factam.³
604 1905 762 1939 Turbato
795 1918 857 1951 per
885 1913 1027 1947 metum
1050 1906 1196 1951 ludicro,
1224 1906 1356 1941 maesti

150 2007 158 2023 ¹
175 2005 275 2037 From
301 2006 438 2042 Consus,
458 2007 513 2037 the
538 2018 632 2038 name
656 2008 694 2038 of
710 2020 728 2039 a
750 2009 814 2048 god
831 2009 944 2040 whose
968 2009 1051 2040 altar
1072 2019 1141 2039 was
1164 2008 1356 2039 discovered

110 2045 218 2075 below
235 2046 362 2085 ground
379 2047 411 2077 in
428 2047 482 2077 the
500 2047 591 2085 place
608 2049 759 2079 between
777 2049 833 2080 the
852 2049 1001 2080 Palatine
1018 2048 1081 2079 and
1097 2048 1153 2078 the
1171 2047 1353 2083 Aventine,

110 2085 234 2122 where,
254 2086 456 2122 afterwards,
477 2097 544 2117 was
561 2087 616 2117 the
637 2088 748 2119 Circus
766 2089 955 2120 Dlaaeimus.-
991 2088 1075 2119 This
1084 2087 1160 2128 god,
1179 2087 1356 2118 otherwise

110 2125 291 2162 unknown,
311 2137 379 2156 was
396 2126 563 2157 identified
582 2127 660 2158 with
680 2128 849 2166 Neptune.

151 2165 163 2182 ²
179 2168 186 2181 ‘
201 2165 373 2200 Thereto,⁷
397 2170 451 2197 ‘to
467 2166 488 2197 it
504 2167 525 2203 ;’
545 2166 601 2197 the
618 2167 750 2198 adverb.

150 2204 161 2221 ³
176 2204 288 2236 When
303 2216 322 2236 a
338 2205 469 2238 Roman
485 2205 576 2237 bride
594 2217 662 2238 was
679 2207 863 2239 conducted
878 2207 963 2239 frorfi
977 2207 1036 2238 her
1050 2205 1186 2238 father⁷s
1201 2205 1305 2237 house
1322 2211 1357 2237 to

110 2242 170 2274 her
185 2243 381 2282 husband’s,
401 2245 460 2277 her
482 2246 695 2291 compauions
718 2246 859 2278 sho‘uted
887 2247 1060 2279 Talassio!
1105 2246 1179 2291 The
1203 2245 1357 2289 meaning

109 2281 173 2314 and
188 2283 372 2317 derivation
388 2285 425 2317 of
442 2285 508 2317 this
525 2286 616 2317 word
638 2296 692 2317 are
715 2286 877 2319 doubtful.
921 2286 996 2319 The
1019 2286 1226 2326 interjectlon
1241 2286 1271 2316 io
1286 2291 1354 2317 cer-
