<?xml version="1.0" encoding="UTF-8"?>
<!DOCTYPE html PUBLIC "-//W3C//DTD XHTML 1.0 Transitional//EN"
    "http://www.w3.org/TR/xhtml1/DTD/xhtml1-transitional.dtd">
<html xmlns="http://www.w3.org/1999/xhtml" xml:lang="en" lang="en">
 <head>
  <title>
</title>
<meta http-equiv="Content-Type" content="text/html;charset=utf-8" />
  <meta name='ocr-system' content='tesseract 3.04.00' />
  <meta name='ocr-capabilities' content='ocr_page ocr_carea ocr_par ocr_line ocrx_word'/>
</head>
<body>
  <div class='ocr_page' id='page_1' title='image "./historiarumlibri00livyuoft_0064.png"; bbox 0 0 1523 2476; ppageno 0'>
   <div class='ocr_carea' id='block_1_1' title="bbox 88 95 804 131">
    <p class='ocr_par' dir='ltr' id='par_1_1' title="bbox 88 95 804 131">
     <span class='ocr_line' id='line_1_1' title="bbox 88 95 804 131; baseline -0.001 -1"><span class='ocrx_word' id='word_1_1' title='bbox 88 95 140 131; x_wconf 88' lang='grc'>50</span> <span class='ocrx_word' id='word_1_2' title='bbox 633 105 667 131; x_wconf 80' lang='lat' dir='ltr'>&#39;r-</span> <span class='ocrx_word' id='word_1_3' title='bbox 692 104 804 130; x_wconf 79' lang='lat' dir='ltr'>uvir.</span> 
     </span>
    </p>
   </div>
   <div class='ocr_carea' id='block_1_2' title="bbox 80 177 1357 1786">
    <p class='ocr_par' dir='ltr' id='par_1_2' title="bbox 82 177 1345 698">
     <span class='ocr_line' id='line_1_2' title="bbox 84 177 1345 225; baseline 0.001 -11"><span class='ocrx_word' id='word_1_4' title='bbox 84 185 270 225; x_wconf 82' lang='lat' dir='ltr'>mitesque</span> <span class='ocrx_word' id='word_1_5' title='bbox 303 189 407 213; x_wconf 86' lang='lat' dir='ltr'>meos</span> <span class='ocrx_word' id='word_1_6' title='bbox 421 179 447 213; x_wconf 69' lang='lat'>3‘</span> <span class='ocrx_word' id='word_1_7' title='bbox 498 178 576 213; x_wconf 86' lang='lat' dir='ltr'>Rex</span> <span class='ocrx_word' id='word_1_8' title='bbox 608 178 791 224; x_wconf 84' lang='lat' dir='ltr'>respoudit</span> <span class='ocrx_word' id='word_1_9' title='bbox 822 177 949 217; x_wconf 80' lang='lat' dir='ltr'>‘Quod</span> <span class='ocrx_word' id='word_1_10' title='bbox 982 178 1063 214; x_wconf 81' lang='lat' dir='ltr'>sine</span> <span class='ocrx_word' id='word_1_11' title='bbox 1087 177 1215 213; x_wconf 84' lang='lat' dir='ltr'>fraude</span> <span class='ocrx_word' id='word_1_12' title='bbox 1246 180 1345 215; x_wconf 87' lang='lat' dir='ltr'>mea¹</span> 
     </span>
     <span class='ocr_line' id='line_1_3' title="bbox 84 225 1344 273; baseline 0.001 -12"><span class='ocrx_word' id='word_1_13' title='bbox 84 226 282 273; x_wconf 77' lang='lat' dir='ltr'><strong>populique</strong></span> <span class='ocrx_word' id='word_1_14' title='bbox 316 225 467 260; x_wconf 86' lang='lat' dir='ltr'>Romani</span> <span class='ocrx_word' id='word_1_15' title='bbox 502 225 695 264; x_wconf 87' lang='lat' dir='ltr'>Quiritium</span> <span class='ocrx_word' id='word_1_16' title='bbox 730 226 802 270; x_wconf 78' lang='lat' dir='ltr'>fiai,</span> <span class='ocrx_word' id='word_1_17' title='bbox 834 226 954 260; x_wconf 61' lang='lat' dir='ltr'>facio!</span> <span class='ocrx_word' id='word_1_18' title='bbox 1006 226 1155 261; x_wconf 85' lang='lat' dir='ltr'>Fetialis</span> <span class='ocrx_word' id='word_1_19' title='bbox 1182 232 1258 261; x_wconf 84' lang='lat' dir='ltr'>erat</span> <span class='ocrx_word' id='word_1_20' title='bbox 1288 226 1344 262; x_wconf 92' lang='lat' dir='ltr'>M.</span> 
     </span>
     <span class='ocr_line' id='line_1_4' title="bbox 84 273 1345 320; baseline 0.002 -12"><span class='ocrx_word' id='word_1_21' title='bbox 84 274 272 319; x_wconf 79' lang='lat' dir='ltr'>Valerius;</span> <span class='ocrx_word' id='word_1_22' title='bbox 302 274 332 307; x_wconf 85' lang='lat' dir='ltr'>is</span> <span class='ocrx_word' id='word_1_23' title='bbox 351 281 488 318; x_wconf 80' lang='lat' dir='ltr'>patrem</span> <span class='ocrx_word' id='word_1_24' title='bbox 507 280 687 319; x_wconf 88' lang='lat' dir='ltr'>patratum</span> <span class='ocrx_word' id='word_1_25' title='bbox 707 273 764 319; x_wconf 87' lang='lat' dir='ltr'>Sp.</span> <span class='ocrx_word' id='word_1_26' title='bbox 786 273 935 308; x_wconf 81' lang='lat' dir='ltr'>Fusium</span> <span class='ocrx_word' id='word_1_27' title='bbox 952 273 1047 319; x_wconf 84' lang='lat' dir='ltr'>fecit,</span> <span class='ocrx_word' id='word_1_28' title='bbox 1064 273 1222 308; x_wconf 85' lang='lat' dir='ltr'>verbena</span> <span class='ocrx_word' id='word_1_29' title='bbox 1235 279 1345 320; x_wconf 88' lang='lat' dir='ltr'>caput</span> 
     </span>
     <span class='ocr_line' id='line_1_5' title="bbox 83 320 1343 367; baseline 0.001 -12"><span class='ocrx_word' id='word_1_30' title='bbox 83 321 305 366; x_wconf 81' lang='lat' dir='ltr'>capillosque</span> <span class='ocrx_word' id='word_1_31' title='bbox 325 327 487 364; x_wconf 82' lang='lat' dir='ltr'>tangens.</span> <span class='ocrx_word' id='word_1_32' title='bbox 540 320 647 354; x_wconf 83' lang='lat' dir='ltr'>Pater</span> <span class='ocrx_word' id='word_1_33' title='bbox 673 328 834 366; x_wconf 84' lang='lat' dir='ltr'>patratus</span> <span class='ocrx_word' id='word_1_34' title='bbox 851 320 896 355; x_wconf 86' lang='lat' dir='ltr'>ad</span> <span class='ocrx_word' id='word_1_35' title='bbox 921 320 1173 367; x_wconf 84' lang='lat' dir='ltr'>jusjurandum</span> <span class='ocrx_word' id='word_1_36' title='bbox 1200 328 1343 366; x_wconf 85' lang='lat' dir='ltr'>patran-</span> 
     </span>
     <span class='ocr_line' id='line_1_6' title="bbox 83 366 1343 414; baseline 0 -12"><span class='ocrx_word' id='word_1_37' title='bbox 83 368 183 412; x_wconf 84' lang='lat' dir='ltr'>dum,</span> <span class='ocrx_word' id='word_1_38' title='bbox 206 368 237 402; x_wconf 86' lang='lat' dir='ltr'>id</span> <span class='ocrx_word' id='word_1_39' title='bbox 257 375 311 401; x_wconf 85' lang='lat' dir='ltr'>est</span> <span class='ocrx_word' id='word_1_40' title='bbox 331 366 566 401; x_wconf 82' lang='lat' dir='ltr'>sanciendum</span> <span class='ocrx_word' id='word_1_41' title='bbox 587 367 623 402; x_wconf 89' lang='lat' dir='ltr'>fit</span> <span class='ocrx_word' id='word_1_42' title='bbox 645 368 791 412; x_wconf 67' lang='lat' dir='ltr'>soedusg</span> <span class='ocrx_word' id='word_1_43' title='bbox 818 367 1016 414; x_wconf 88' lang='lat' dir='ltr'>multisque</span> <span class='ocrx_word' id='word_1_44' title='bbox 1036 368 1070 403; x_wconf 90' lang='lat' dir='ltr'>id</span> <span class='ocrx_word' id='word_1_45' title='bbox 1099 369 1228 413; x_wconf 81' lang='lat' dir='ltr'>verbis,</span> <span class='ocrx_word' id='word_1_46' title='bbox 1249 379 1343 414; x_wconf 85' lang='lat' dir='ltr'>quae</span> 
     </span>
     <span class='ocr_line' id='line_1_7' title="bbox 83 415 1344 461; baseline 0.001 -12"><span class='ocrx_word' id='word_1_47' title='bbox 83 415 188 460; x_wconf 84' lang='lat' dir='ltr'>longo</span> <span class='ocrx_word' id='word_1_48' title='bbox 206 415 316 449; x_wconf 80' lang='lat' dir='ltr'>effata</span> <span class='ocrx_word' id='word_1_49' title='bbox 334 415 495 449; x_wconf 82' lang='lat' dir='ltr'>carmine</span> <span class='ocrx_word' id='word_1_50' title='bbox 516 426 585 448; x_wconf 88' lang='lat' dir='ltr'>non</span> <span class='ocrx_word' id='word_1_51' title='bbox 600 425 731 460; x_wconf 81' lang='lat' dir='ltr'><strong>operae</strong></span> <span class='ocrx_word' id='word_1_52' title='bbox 749 415 818 449; x_wconf 79' lang='lat' dir='ltr'>est²</span> <span class='ocrx_word' id='word_1_53' title='bbox 831 416 973 461; x_wconf 76' lang='lat' dir='ltr'>referre,</span> <span class='ocrx_word' id='word_1_54' title='bbox 989 416 1139 461; x_wconf 80' lang='lat' dir='ltr'><strong>peragit.</strong></span> <span class='ocrx_word' id='word_1_55' title='bbox 1182 415 1344 460; x_wconf 80' lang='lat' dir='ltr'>Legibus</span> 
     </span>
     <span class='ocr_line' id='line_1_8' title="bbox 83 462 1341 508; baseline 0 -11"><span class='ocrx_word' id='word_1_56' title='bbox 83 463 216 498; x_wconf 83' lang='lat' dir='ltr'>deiude</span> <span class='ocrx_word' id='word_1_57' title='bbox 236 462 405 507; x_wconf 84' lang='lat' dir='ltr'>recitatis,</span> <span class='ocrx_word' id='word_1_58' title='bbox 429 462 567 496; x_wconf 76' lang='lat' dir='ltr'>‘Audi&#39;</span> <span class='ocrx_word' id='word_1_59' title='bbox 588 462 713 508; x_wconf 84' lang='lat' dir='ltr'>iuquit,</span> <span class='ocrx_word' id='word_1_60' title='bbox 736 463 941 508; x_wconf 52' lang='lat' dir='ltr'>‘Juppiiem</span> <span class='ocrx_word' id='word_1_61' title='bbox 967 463 1064 506; x_wconf 68' lang='lat' dir='ltr'>audi,</span> <span class='ocrx_word' id='word_1_62' title='bbox 1085 467 1186 508; x_wconf 88' lang='lat' dir='ltr'>pater</span> <span class='ocrx_word' id='word_1_63' title='bbox 1203 468 1341 508; x_wconf 87' lang='lat' dir='ltr'>patrate</span> 
     </span>
     <span class='ocr_line' id='line_1_9' title="bbox 82 509 1342 556; baseline -0.001 -12"><span class='ocrx_word' id='word_1_64' title='bbox 82 510 205 556; x_wconf 89' lang='lat' dir='ltr'>populi</span> <span class='ocrx_word' id='word_1_65' title='bbox 239 509 394 554; x_wconf 75' lang='lat' dir='ltr'>Albani3</span> <span class='ocrx_word' id='word_1_66' title='bbox 427 509 513 543; x_wconf 80' lang='lat' dir='ltr'>audi</span> <span class='ocrx_word' id='word_1_67' title='bbox 544 515 592 555; x_wconf 85' lang='lat' dir='ltr'>tu,</span> <span class='ocrx_word' id='word_1_68' title='bbox 623 509 776 555; x_wconf 85' lang='lat' dir='ltr'>populus</span> <span class='ocrx_word' id='word_1_69' title='bbox 804 510 997 544; x_wconf 80' lang='lat' dir='ltr'>Albanus.³</span> <span class='ocrx_word' id='word_1_70' title='bbox 1045 509 1092 545; x_wconf 90' lang='lat' dir='ltr'>Ut</span> <span class='ocrx_word' id='word_1_71' title='bbox 1126 509 1186 543; x_wconf 87' lang='lat' dir='ltr'>illa</span> <span class='ocrx_word' id='word_1_72' title='bbox 1217 509 1342 555; x_wconf 90' lang='lat' dir='ltr'>palam</span> 
     </span>
     <span class='ocr_line' id='line_1_10' title="bbox 82 555 1342 604; baseline 0 -14"><span class='ocrx_word' id='word_1_73' title='bbox 82 558 199 604; x_wconf 86' lang='lat' dir='ltr'>prima</span> <span class='ocrx_word' id='word_1_74' title='bbox 216 558 413 603; x_wconf 84' lang='lat' dir='ltr'>postrema⁴</span> <span class='ocrx_word' id='word_1_75' title='bbox 431 569 476 591; x_wconf 83' lang='lat' dir='ltr'>ex</span> <span class='ocrx_word' id='word_1_76' title='bbox 494 556 564 590; x_wconf 83' lang='lat' dir='ltr'>iilis</span> <span class='ocrx_word' id='word_1_77' title='bbox 584 557 716 591; x_wconf 85' lang='lat' dir='ltr'>tabulis</span> <span class='ocrx_word' id='word_1_78' title='bbox 733 568 864 591; x_wconf 89' lang='lat' dir='ltr'>cerave</span> <span class='ocrx_word' id='word_1_79' title='bbox 883 557 1032 592; x_wconf 88' lang='lat' dir='ltr'>recitata</span> <span class='ocrx_word' id='word_1_80' title='bbox 1057 563 1138 591; x_wconf 89' lang='lat' dir='ltr'>sunt</span> <span class='ocrx_word' id='word_1_81' title='bbox 1165 557 1243 591; x_wconf 82' lang='lat' dir='ltr'>sine</span> <span class='ocrx_word' id='word_1_82' title='bbox 1260 555 1342 591; x_wconf 88' lang='lat' dir='ltr'>dolo</span> 
     </span>
     <span class='ocr_line' id='line_1_11' title="bbox 82 603 1343 650; baseline 0 -12"><span class='ocrx_word' id='word_1_83' title='bbox 82 604 189 649; x_wconf 86' lang='lat' dir='ltr'>malo,</span> <span class='ocrx_word' id='word_1_84' title='bbox 217 605 357 650; x_wconf 82' lang='lat' dir='ltr'>utique⁵</span> <span class='ocrx_word' id='word_1_85' title='bbox 382 615 426 638; x_wconf 86' lang='lat' dir='ltr'>ea</span> <span class='ocrx_word' id='word_1_86' title='bbox 456 604 515 638; x_wconf 86' lang='lat' dir='ltr'>hic</span> <span class='ocrx_word' id='word_1_87' title='bbox 545 603 654 638; x_wconf 84' lang='lat' dir='ltr'>hodie</span> <span class='ocrx_word' id='word_1_88' title='bbox 688 604 892 639; x_wconf 84' lang='lat' dir='ltr'>rectissime</span> <span class='ocrx_word' id='word_1_89' title='bbox 926 604 1115 638; x_wconf 79' lang='lat' dir='ltr'>intellecta</span> <span class='ocrx_word' id='word_1_90' title='bbox 1148 609 1240 647; x_wconf 68' lang='lat' dir='ltr'>sunt,</span> <span class='ocrx_word' id='word_1_91' title='bbox 1272 603 1343 638; x_wconf 80' lang='lat' dir='ltr'>iliis</span> 
     </span>
     <span class='ocr_line' id='line_1_12' title="bbox 82 650 1342 698; baseline -0.002 -12"><span class='ocrx_word' id='word_1_92' title='bbox 82 651 225 696; x_wconf 76' lang='lat' dir='ltr'>legibus</span> <span class='ocrx_word' id='word_1_93' title='bbox 243 651 398 698; x_wconf 87' lang='lat' dir='ltr'>populus</span> <span class='ocrx_word' id='word_1_94' title='bbox 416 652 598 686; x_wconf 84' lang='lat' dir='ltr'>Romanus</span> <span class='ocrx_word' id='word_1_95' title='bbox 616 651 710 697; x_wconf 89' lang='lat' dir='ltr'>prior</span> <span class='ocrx_word' id='word_1_96' title='bbox 727 662 795 686; x_wconf 89' lang='lat' dir='ltr'>non</span> <span class='ocrx_word' id='word_1_97' title='bbox 815 651 975 686; x_wconf 86' lang='lat' dir='ltr'>deficiet.</span> <span class='ocrx_word' id='word_1_98' title='bbox 1027 651 1062 686; x_wconf 89' lang='lat' dir='ltr'>Si</span> <span class='ocrx_word' id='word_1_99' title='bbox 1081 651 1175 698; x_wconf 88' lang='lat' dir='ltr'>prior</span> <span class='ocrx_word' id='word_1_100' title='bbox 1188 650 1342 685; x_wconf 80' lang='lat' dir='ltr'>defexit⁶</span> 
     </span>
    </p>

    <p class='ocr_par' dir='ltr' id='par_1_3' title="bbox 80 697 1343 983">
     <span class='ocr_line' id='line_1_13' title="bbox 108 697 1342 745; baseline -0.001 -12"><span class='ocrx_word' id='word_1_101' title='bbox 108 699 226 734; x_wconf 90' lang='lat' dir='ltr'>ublico</span> <span class='ocrx_word' id='word_1_102' title='bbox 255 698 414 744; x_wconf 86' lang='lat' dir='ltr'>consilio,</span> <span class='ocrx_word' id='word_1_103' title='bbox 434 699 514 733; x_wconf 82' lang='lat' dir='ltr'>dolo</span> <span class='ocrx_word' id='word_1_104' title='bbox 541 698 647 744; x_wconf 81' lang='lat' dir='ltr'>malo,</span> <span class='ocrx_word' id='word_1_105' title='bbox 677 704 753 733; x_wconf 90' lang='lat' dir='ltr'>tum</span> <span class='ocrx_word' id='word_1_106' title='bbox 781 698 840 732; x_wconf 90' lang='lat' dir='ltr'>illo</span> <span class='ocrx_word' id='word_1_107' title='bbox 865 698 936 743; x_wconf 84' lang='lat' dir='ltr'>die,</span> <span class='ocrx_word' id='word_1_108' title='bbox 963 699 1138 744; x_wconf 75' lang='lat' dir='ltr'>Juppiter,</span> <span class='ocrx_word' id='word_1_109' title='bbox 1168 697 1342 745; x_wconf 78' lang='lat' dir='ltr'>populum</span> 
     </span>
     <span class='ocr_line' id='line_1_14' title="bbox 80 711 1342 792; baseline -0.002 -11"><span class='ocrx_word' id='word_1_110' title='bbox 80 711 284 782; x_wconf 59' lang='lat' dir='ltr'>homanum</span> <span class='ocrx_word' id='word_1_111' title='bbox 308 747 360 780; x_wconf 87' lang='lat' dir='ltr'>sic</span> <span class='ocrx_word' id='word_1_112' title='bbox 389 745 501 791; x_wconf 85' lang='lat' dir='ltr'>ferito,</span> <span class='ocrx_word' id='word_1_113' title='bbox 530 752 567 780; x_wconf 89' lang='lat' dir='ltr'>ut</span> <span class='ocrx_word' id='word_1_114' title='bbox 593 756 660 791; x_wconf 82' lang='lat' dir='ltr'>ego</span> <span class='ocrx_word' id='word_1_115' title='bbox 689 745 786 780; x_wconf 89' lang='lat' dir='ltr'>hunc</span> <span class='ocrx_word' id='word_1_116' title='bbox 813 757 959 792; x_wconf 90' lang='lat' dir='ltr'>porcum</span> <span class='ocrx_word' id='word_1_117' title='bbox 982 746 1041 780; x_wconf 88' lang='lat' dir='ltr'>hic</span> <span class='ocrx_word' id='word_1_118' title='bbox 1063 746 1171 780; x_wconf 87' lang='lat' dir='ltr'>hodie</span> <span class='ocrx_word' id='word_1_119' title='bbox 1189 746 1342 789; x_wconf 73' lang='lat' dir='ltr'>feriam3</span> 
     </span>
     <span class='ocr_line' id='line_1_15' title="bbox 83 792 1342 840; baseline -0.001 -12"><span class='ocrx_word' id='word_1_120' title='bbox 83 801 252 840; x_wconf 84' lang='lat' dir='ltr'>tantoque</span> <span class='ocrx_word' id='word_1_121' title='bbox 271 795 389 839; x_wconf 83' lang='lat' dir='ltr'>magis</span> <span class='ocrx_word' id='word_1_122' title='bbox 407 793 523 838; x_wconf 76' lang='lat' dir='ltr'>ferito,</span> <span class='ocrx_word' id='word_1_123' title='bbox 542 800 677 838; x_wconf 89' lang='lat' dir='ltr'>quanto</span> <span class='ocrx_word' id='word_1_124' title='bbox 695 794 812 838; x_wconf 82' lang='lat' dir='ltr'>magis</span> <span class='ocrx_word' id='word_1_125' title='bbox 830 800 934 839; x_wconf 87' lang='lat' dir='ltr'>potes</span> <span class='ocrx_word' id='word_1_126' title='bbox 956 793 1170 839; x_wconf 68' lang='lat' dir='ltr'>ponesque!</span> <span class='ocrx_word' id='word_1_127' title='bbox 1222 792 1261 827; x_wconf 88' lang='lat' dir='ltr'>ld</span> <span class='ocrx_word' id='word_1_128' title='bbox 1280 792 1342 826; x_wconf 84' lang='lat' dir='ltr'>ubi</span> 
     </span>
     <span class='ocr_line' id='line_1_16' title="bbox 81 839 1343 887; baseline -0.002 -11"><span class='ocrx_word' id='word_1_129' title='bbox 81 841 182 887; x_wconf 82' lang='lat' dir='ltr'>dixit,</span> <span class='ocrx_word' id='word_1_130' title='bbox 204 853 348 887; x_wconf 84' lang='lat' dir='ltr'>porcum</span> <span class='ocrx_word' id='word_1_131' title='bbox 370 853 455 875; x_wconf 79' lang='lat' dir='ltr'>saxo</span> <span class='ocrx_word' id='word_1_132' title='bbox 474 841 576 875; x_wconf 88' lang='lat' dir='ltr'>silice</span> <span class='ocrx_word' id='word_1_133' title='bbox 596 843 783 886; x_wconf 86' lang='lat' dir='ltr'>percussit.</span> <span class='ocrx_word' id='word_1_134' title='bbox 835 841 906 875; x_wconf 87' lang='lat' dir='ltr'>Sua</span> <span class='ocrx_word' id='word_1_135' title='bbox 925 842 1013 875; x_wconf 89' lang='lat' dir='ltr'>item</span> <span class='ocrx_word' id='word_1_136' title='bbox 1030 841 1192 875; x_wconf 86' lang='lat' dir='ltr'>carmina</span> <span class='ocrx_word' id='word_1_137' title='bbox 1208 839 1343 874; x_wconf 87' lang='lat' dir='ltr'>Albani</span> 
     </span>
     <span class='ocr_line' id='line_1_17' title="bbox 82 886 1343 935; baseline -0.003 -11"><span class='ocrx_word' id='word_1_138' title='bbox 82 900 264 935; x_wconf 86' lang='lat' dir='ltr'>suumque</span> <span class='ocrx_word' id='word_1_139' title='bbox 276 888 530 934; x_wconf 79' lang='lat' dir='ltr'>jusjurandum</span> <span class='ocrx_word' id='word_1_140' title='bbox 543 899 607 934; x_wconf 89' lang='lat' dir='ltr'>per</span> <span class='ocrx_word' id='word_1_141' title='bbox 619 899 726 922; x_wconf 88' lang='lat' dir='ltr'>suum</span> <span class='ocrx_word' id='word_1_142' title='bbox 740 887 954 922; x_wconf 88' lang='lat' dir='ltr'>dictatorem</span> <span class='ocrx_word' id='word_1_143' title='bbox 967 899 1123 934; x_wconf 90' lang='lat' dir='ltr'>suosque</span> <span class='ocrx_word' id='word_1_144' title='bbox 1135 886 1343 922; x_wconf 81' lang='lat' dir='ltr'>sacerdotes</span> 
     </span>
     <span class='ocr_line' id='line_1_18' title="bbox 81 943 310 983; baseline -0.004 -12"><span class='ocrx_word' id='word_1_145' title='bbox 81 943 310 983; x_wconf 77' lang='lat' dir='ltr'>peregerunt.</span> 
     </span>
    </p>

    <p class='ocr_par' dir='ltr' id='par_1_4' title="bbox 83 981 1357 1786">
     <span class='ocr_line' id='line_1_19' title="bbox 132 981 1341 1028; baseline -0.002 -10"><span class='ocrx_word' id='word_1_146' title='bbox 132 987 187 1018; x_wconf 83' lang='lat'>25.</span> <span class='ocrx_word' id='word_1_147' title='bbox 215 983 378 1018; x_wconf 82' lang='lat' dir='ltr'>Foedere</span> <span class='ocrx_word' id='word_1_148' title='bbox 399 984 466 1017; x_wconf 81' lang='lat' dir='ltr'>icto</span> <span class='ocrx_word' id='word_1_149' title='bbox 486 983 679 1028; x_wconf 79' lang='lat' dir='ltr'>trigemini,</span> <span class='ocrx_word' id='word_1_150' title='bbox 699 982 791 1016; x_wconf 87' lang='lat' dir='ltr'>sicut</span> <span class='ocrx_word' id='word_1_151' title='bbox 818 987 1048 1027; x_wconf 84' lang='lat' dir='ltr'>convenerat,</span> <span class='ocrx_word' id='word_1_152' title='bbox 1062 993 1163 1016; x_wconf 89' lang='lat' dir='ltr'>arma</span> <span class='ocrx_word' id='word_1_153' title='bbox 1180 981 1341 1028; x_wconf 86' lang='lat' dir='ltr'>capiunt.</span> 
     </span>
     <span class='ocr_line' id='line_1_20' title="bbox 83 1029 1343 1076; baseline -0.003 -10"><span class='ocrx_word' id='word_1_154' title='bbox 83 1032 172 1066; x_wconf 88' lang='lat' dir='ltr'>Cum</span> <span class='ocrx_word' id='word_1_155' title='bbox 208 1031 262 1065; x_wconf 84' lang='lat' dir='ltr'>sui</span> <span class='ocrx_word' id='word_1_156' title='bbox 296 1036 464 1076; x_wconf 85' lang='lat' dir='ltr'>utrosque</span> <span class='ocrx_word' id='word_1_157' title='bbox 498 1030 783 1075; x_wconf 81' lang='lat' dir='ltr'>adhortarentur,</span> <span class='ocrx_word' id='word_1_158' title='bbox 819 1029 908 1063; x_wconf 86' lang='lat' dir='ltr'>deos</span> <span class='ocrx_word' id='word_1_159' title='bbox 939 1030 1082 1075; x_wconf 69' lang='lat' dir='ltr'>patrios,</span> <span class='ocrx_word' id='word_1_160' title='bbox 1113 1029 1266 1075; x_wconf 88' lang='lat' dir='ltr'>patriam</span> <span class='ocrx_word' id='word_1_161' title='bbox 1299 1039 1343 1062; x_wconf 87' lang='lat' dir='ltr'>ac</span> 
     </span>
     <span class='ocr_line' id='line_1_21' title="bbox 83 1075 1341 1124; baseline -0.002 -12"><span class='ocrx_word' id='word_1_162' title='bbox 83 1085 262 1124; x_wconf 72' lang='lat' dir='ltr'>parenteS,</span> <span class='ocrx_word' id='word_1_163' title='bbox 298 1077 469 1123; x_wconf 86' lang='lat' dir='ltr'>quicquid</span> <span class='ocrx_word' id='word_1_164' title='bbox 504 1077 642 1111; x_wconf 85' lang='lat' dir='ltr'>civium</span> <span class='ocrx_word' id='word_1_165' title='bbox 675 1076 784 1123; x_wconf 85' lang='lat' dir='ltr'>domi,</span> <span class='ocrx_word' id='word_1_166' title='bbox 816 1075 987 1122; x_wconf 90' lang='lat' dir='ltr'>quicquid</span> <span class='ocrx_word' id='word_1_167' title='bbox 1021 1077 1055 1110; x_wconf 88' lang='lat' dir='ltr'>in</span> <span class='ocrx_word' id='word_1_168' title='bbox 1089 1076 1251 1111; x_wconf 84' lang='lat' dir='ltr'>exercitu</span> <span class='ocrx_word' id='word_1_169' title='bbox 1284 1075 1341 1120; x_wconf 87' lang='lat' dir='ltr'>sit,</span> 
     </span>
     <span class='ocr_line' id='line_1_22' title="bbox 83 1122 1343 1169; baseline -0.002 -10"><span class='ocrx_word' id='word_1_170' title='bbox 83 1126 225 1160; x_wconf 81' lang='lat' dir='ltr'>illorum</span> <span class='ocrx_word' id='word_1_171' title='bbox 252 1132 336 1159; x_wconf 87' lang='lat' dir='ltr'>tuuc</span> <span class='ocrx_word' id='word_1_172' title='bbox 361 1137 474 1169; x_wconf 86' lang='lat' dir='ltr'>arma,</span> <span class='ocrx_word' id='word_1_173' title='bbox 502 1124 643 1158; x_wconf 84' lang='lat' dir='ltr'>iliorum</span> <span class='ocrx_word' id='word_1_174' title='bbox 671 1124 799 1158; x_wconf 86' lang='lat' dir='ltr'>intueri</span> <span class='ocrx_word' id='word_1_175' title='bbox 828 1135 967 1167; x_wconf 83' lang='lat' dir='ltr'>manus⁷</span> <span class='ocrx_word' id='word_1_176' title='bbox 988 1122 1130 1158; x_wconf 83' lang='lat' dir='ltr'>seroces</span> <span class='ocrx_word' id='word_1_177' title='bbox 1155 1129 1190 1157; x_wconf 85' lang='lat' dir='ltr'>et</span> <span class='ocrx_word' id='word_1_178' title='bbox 1216 1129 1343 1168; x_wconf 85' lang='lat' dir='ltr'>suopte</span> 
     </span>
     <span class='ocr_line' id='line_1_23' title="bbox 84 1169 1344 1218; baseline -0.003 -11"><span class='ocrx_word' id='word_1_179' title='bbox 84 1173 229 1218; x_wconf 80' lang='lat' dir='ltr'>ingenio</span> <span class='ocrx_word' id='word_1_180' title='bbox 248 1178 283 1206; x_wconf 88' lang='lat' dir='ltr'>et</span> <span class='ocrx_word' id='word_1_181' title='bbox 302 1172 397 1218; x_wconf 88' lang='lat' dir='ltr'>pleni</span> <span class='ocrx_word' id='word_1_182' title='bbox 415 1171 684 1206; x_wconf 84' lang='lat' dir='ltr'>adhortantium</span> <span class='ocrx_word' id='word_1_183' title='bbox 702 1171 862 1216; x_wconf 85' lang='lat' dir='ltr'>vocibus,</span> <span class='ocrx_word' id='word_1_184' title='bbox 883 1171 916 1204; x_wconf 91' lang='lat' dir='ltr'>iu</span> <span class='ocrx_word' id='word_1_185' title='bbox 944 1171 1106 1205; x_wconf 86' lang='lat' dir='ltr'>medium</span> <span class='ocrx_word' id='word_1_186' title='bbox 1134 1169 1228 1204; x_wconf 85' lang='lat' dir='ltr'>inter</span> <span class='ocrx_word' id='word_1_187' title='bbox 1253 1169 1344 1204; x_wconf 87' lang='lat' dir='ltr'>duas</span> 
     </span>
     <span class='ocr_line' id='line_1_24' title="bbox 83 1216 1343 1266; baseline -0.002 -12"><span class='ocrx_word' id='word_1_188' title='bbox 83 1221 183 1255; x_wconf 82' lang='lat' dir='ltr'>acies</span> <span class='ocrx_word' id='word_1_189' title='bbox 210 1219 422 1266; x_wconf 82' lang='lat' dir='ltr'>procedunt.</span> <span class='ocrx_word' id='word_1_190' title='bbox 474 1218 720 1254; x_wconf 86' lang='lat' dir='ltr'>Consederant</span> <span class='ocrx_word' id='word_1_191' title='bbox 746 1219 929 1263; x_wconf 86' lang='lat' dir='ltr'>utrimque</span> <span class='ocrx_word' id='word_1_192' title='bbox 955 1229 1017 1263; x_wconf 91' lang='lat' dir='ltr'>pro</span> <span class='ocrx_word' id='word_1_193' title='bbox 1041 1218 1169 1252; x_wconf 90' lang='lat' dir='ltr'>castris</span> <span class='ocrx_word' id='word_1_194' title='bbox 1185 1216 1257 1252; x_wconf 92' lang='lat' dir='ltr'>duo</span> <span class='ocrx_word' id='word_1_195' title='bbox 1283 1228 1343 1252; x_wconf 85' lang='lat' dir='ltr'>ex-</span> 
     </span>
     <span class='ocr_line' id='line_1_25' title="bbox 85 1265 1343 1313; baseline -0.002 -12"><span class='ocrx_word' id='word_1_196' title='bbox 85 1269 228 1312; x_wconf 82' lang='lat' dir='ltr'>ercitus,</span> <span class='ocrx_word' id='word_1_197' title='bbox 245 1267 394 1313; x_wconf 82' lang='lat' dir='ltr'>periculi</span> <span class='ocrx_word' id='word_1_198' title='bbox 413 1267 528 1311; x_wconf 79' lang='lat' dir='ltr'>magis</span> <span class='ocrx_word' id='word_1_199' title='bbox 542 1266 742 1312; x_wconf 86' lang='lat' dir='ltr'>praesentis</span> <span class='ocrx_word' id='word_1_200' title='bbox 755 1277 863 1311; x_wconf 91' lang='lat' dir='ltr'>quam</span> <span class='ocrx_word' id='word_1_201' title='bbox 879 1276 988 1299; x_wconf 78' lang='lat' dir='ltr'>curae</span> <span class='ocrx_word' id='word_1_202' title='bbox 1003 1271 1188 1311; x_wconf 74' lang='lat' dir='ltr'>expertes:</span> <span class='ocrx_word' id='word_1_203' title='bbox 1208 1265 1343 1310; x_wconf 86' lang='lat' dir='ltr'>quippe</span> 
     </span>
     <span class='ocr_line' id='line_1_26' title="bbox 84 1312 1345 1361; baseline -0.004 -11"><span class='ocrx_word' id='word_1_204' title='bbox 84 1316 281 1361; x_wconf 87' lang='lat' dir='ltr'>imperium</span> <span class='ocrx_word' id='word_1_205' title='bbox 306 1315 482 1359; x_wconf 71' lang='lat' dir='ltr'>agebatur</span> <span class='ocrx_word' id='word_1_206' title='bbox 511 1314 546 1348; x_wconf 91' lang='lat' dir='ltr'>in</span> <span class='ocrx_word' id='word_1_207' title='bbox 576 1320 650 1348; x_wconf 90' lang='lat' dir='ltr'>tam</span> <span class='ocrx_word' id='word_1_208' title='bbox 680 1324 878 1358; x_wconf 90' lang='lat' dir='ltr'>paucorum</span> <span class='ocrx_word' id='word_1_209' title='bbox 905 1313 1036 1346; x_wconf 87' lang='lat' dir='ltr'>virtute</span> <span class='ocrx_word' id='word_1_210' title='bbox 1065 1318 1174 1357; x_wconf 88' lang='lat' dir='ltr'>atque</span> <span class='ocrx_word' id='word_1_211' title='bbox 1203 1312 1345 1346; x_wconf 84' lang='lat' dir='ltr'>fortuna</span> 
     </span>
     <span class='ocr_line' id='line_1_27' title="bbox 86 1359 1345 1409; baseline -0.002 -13"><span class='ocrx_word' id='word_1_212' title='bbox 86 1363 257 1409; x_wconf 89' lang='lat' dir='ltr'>positum.</span> <span class='ocrx_word' id='word_1_213' title='bbox 311 1362 437 1407; x_wconf 84' lang='lat' dir='ltr'>Itaque</span> <span class='ocrx_word' id='word_1_214' title='bbox 464 1362 562 1406; x_wconf 81' lang='lat' dir='ltr'>ergo⁷</span> <span class='ocrx_word' id='word_1_215' title='bbox 579 1360 692 1395; x_wconf 85' lang='lat' dir='ltr'>erecti</span> <span class='ocrx_word' id='word_1_216' title='bbox 718 1361 958 1406; x_wconf 84' lang='lat' dir='ltr'>suspensique</span> <span class='ocrx_word' id='word_1_217' title='bbox 975 1359 1010 1394; x_wconf 91' lang='lat' dir='ltr'>iu</span> <span class='ocrx_word' id='word_1_218' title='bbox 1028 1359 1182 1394; x_wconf 86' lang='lat' dir='ltr'>minime</span> <span class='ocrx_word' id='word_1_219' title='bbox 1199 1365 1345 1404; x_wconf 82' lang='lat' dir='ltr'>gratum</span> 
     </span>
     <span class='ocr_line' id='line_1_28' title="bbox 86 1405 1344 1456; baseline -0.004 -12"><span class='ocrx_word' id='word_1_220' title='bbox 86 1409 336 1456; x_wconf 83' lang='lat' dir='ltr'>spectac-ulum</span> <span class='ocrx_word' id='word_1_221' title='bbox 365 1410 486 1443; x_wconf 87' lang='lat' dir='ltr'>animo</span> <span class='ocrx_word' id='word_1_222' title='bbox 514 1407 756 1443; x_wconf 88' lang='lat' dir='ltr'>intenduntur.</span> <span class='ocrx_word' id='word_1_223' title='bbox 810 1407 921 1441; x_wconf 89' lang='lat' dir='ltr'>Datur</span> <span class='ocrx_word' id='word_1_224' title='bbox 946 1407 1102 1452; x_wconf 85' lang='lat' dir='ltr'>siguum,</span> <span class='ocrx_word' id='word_1_225' title='bbox 1129 1405 1344 1451; x_wconf 77' lang='lat' dir='ltr'>infestisque</span> 
     </span>
     <span class='ocr_line' id='line_1_29' title="bbox 86 1453 1347 1501; baseline -0.005 -9"><span class='ocrx_word' id='word_1_226' title='bbox 86 1458 199 1492; x_wconf 87' lang='lat' dir='ltr'>armis</span> <span class='ocrx_word' id='word_1_227' title='bbox 217 1457 314 1490; x_wconf 79' lang='lat' dir='ltr'>velut</span> <span class='ocrx_word' id='word_1_228' title='bbox 333 1457 432 1491; x_wconf 87' lang='lat' dir='ltr'>acies</span> <span class='ocrx_word' id='word_1_229' title='bbox 446 1456 536 1490; x_wconf 87' lang='lat' dir='ltr'>terni</span> <span class='ocrx_word' id='word_1_230' title='bbox 552 1455 717 1501; x_wconf 84' lang='lat' dir='ltr'>juvenes,</span> <span class='ocrx_word' id='word_1_231' title='bbox 733 1465 945 1498; x_wconf 82' lang='lat' dir='ltr'>magnorum</span> <span class='ocrx_word' id='word_1_232' title='bbox 965 1454 1189 1488; x_wconf 82' lang='lat' dir='ltr'>exercituum</span> <span class='ocrx_word' id='word_1_233' title='bbox 1204 1453 1347 1487; x_wconf 86' lang='lat' dir='ltr'>animos</span> 
     </span>
     <span class='ocr_line' id='line_1_30' title="bbox 86 1501 1345 1550; baseline -0.003 -12"><span class='ocrx_word' id='word_1_234' title='bbox 86 1513 264 1550; x_wconf 55' lang='lat' dir='ltr'>gerentes</span> <span class='ocrx_word' id='word_1_235' title='bbox 300 1510 527 1538; x_wconf 86' lang='lat' dir='ltr'>concurrunt.</span> <span class='ocrx_word' id='word_1_236' title='bbox 589 1503 668 1537; x_wconf 85' lang='lat' dir='ltr'>Nec</span> <span class='ocrx_word' id='word_1_237' title='bbox 698 1502 754 1536; x_wconf 89' lang='lat' dir='ltr'>his</span> <span class='ocrx_word' id='word_1_238' title='bbox 781 1512 851 1536; x_wconf 87' lang='lat' dir='ltr'>nec</span> <span class='ocrx_word' id='word_1_239' title='bbox 884 1501 956 1536; x_wconf 81' lang='lat' dir='ltr'>illis</span> <span class='ocrx_word' id='word_1_240' title='bbox 988 1501 1192 1547; x_wconf 83' lang='lat' dir='ltr'>periculum</span> <span class='ocrx_word' id='word_1_241' title='bbox 1226 1511 1345 1544; x_wconf 74' lang='lat' dir='ltr'>suum,</span> 
     </span>
     <span class='ocr_line' id='line_1_31' title="bbox 86 1547 1348 1598; baseline -0.004 -12"><span class='ocrx_word' id='word_1_242' title='bbox 86 1552 271 1598; x_wconf 78' lang='lat' dir='ltr'>pubiicum</span> <span class='ocrx_word' id='word_1_243' title='bbox 288 1551 480 1596; x_wconf 83' lang='lat' dir='ltr'>imperium</span> <span class='ocrx_word' id='word_1_244' title='bbox 497 1550 759 1595; x_wconf 83' lang='lat' dir='ltr'>servitiumque</span> <span class='ocrx_word' id='word_1_245' title='bbox 778 1548 990 1584; x_wconf 86' lang='lat' dir='ltr'>obversatur</span> <span class='ocrx_word' id='word_1_246' title='bbox 1006 1548 1139 1594; x_wconf 78' lang='lat' dir='ltr'>animo,</span> <span class='ocrx_word' id='word_1_247' title='bbox 1154 1547 1348 1592; x_wconf 86' lang='lat' dir='ltr'>futuraque</span> 
     </span>
     <span class='ocr_line' id='line_1_32' title="bbox 89 1595 1348 1644; baseline -0.004 -11"><span class='ocrx_word' id='word_1_248' title='bbox 89 1611 134 1634; x_wconf 89' lang='lat' dir='ltr'>ea</span> <span class='ocrx_word' id='word_1_249' title='bbox 162 1598 296 1633; x_wconf 86' lang='lat' dir='ltr'>deinde</span> <span class='ocrx_word' id='word_1_250' title='bbox 330 1600 467 1644; x_wconf 79' lang='lat' dir='ltr'>patriae</span> <span class='ocrx_word' id='word_1_251' title='bbox 497 1598 648 1641; x_wconf 82' lang='lat' dir='ltr'>fortuna,</span> <span class='ocrx_word' id='word_1_252' title='bbox 679 1608 788 1642; x_wconf 87' lang='lat' dir='ltr'>quam</span> <span class='ocrx_word' id='word_1_253' title='bbox 825 1596 892 1642; x_wconf 85' lang='lat' dir='ltr'>ipsi</span> <span class='ocrx_word' id='word_1_254' title='bbox 922 1595 1107 1630; x_wconf 82' lang='lat' dir='ltr'>fecissent.</span> <span class='ocrx_word' id='word_1_255' title='bbox 1157 1595 1205 1630; x_wconf 91' lang='lat' dir='ltr'>Ut</span> <span class='ocrx_word' id='word_1_256' title='bbox 1232 1595 1348 1640; x_wconf 89' lang='lat' dir='ltr'>primo</span> 
     </span>
     <span class='ocr_line' id='line_1_33' title="bbox 89 1640 1357 1691; baseline -0.002 -11"><span class='ocrx_word' id='word_1_257' title='bbox 89 1646 212 1680; x_wconf 90' lang='lat' dir='ltr'>statim</span> <span class='ocrx_word' id='word_1_258' title='bbox 232 1657 407 1680; x_wconf 77' lang='lat' dir='ltr'>concursu</span> <span class='ocrx_word' id='word_1_259' title='bbox 430 1647 640 1691; x_wconf 83' lang='lat' dir='ltr'>increpuere</span> <span class='ocrx_word' id='word_1_260' title='bbox 665 1655 768 1678; x_wconf 88' lang='lat' dir='ltr'>arma</span> <span class='ocrx_word' id='word_1_261' title='bbox 792 1645 1045 1688; x_wconf 85' lang='lat' dir='ltr'>micantesque</span> <span class='ocrx_word' id='word_1_262' title='bbox 1063 1642 1198 1677; x_wconf 85' lang='lat' dir='ltr'>fulsere</span> <span class='ocrx_word' id='word_1_263' title='bbox 1223 1640 1357 1687; x_wconf 37' lang='lat' dir='ltr'>gladiis</span> 
     </span>
     <span class='ocr_line' id='line_1_34' title="bbox 88 1689 1349 1739; baseline -0.005 -11"><span class='ocrx_word' id='word_1_264' title='bbox 88 1693 211 1728; x_wconf 90' lang='lat' dir='ltr'>horror</span> <span class='ocrx_word' id='word_1_265' title='bbox 233 1694 360 1737; x_wconf 78' lang='lat' dir='ltr'>ingens</span> <span class='ocrx_word' id='word_1_266' title='bbox 387 1699 594 1739; x_wconf 80' lang='lat' dir='ltr'>spectantes</span> <span class='ocrx_word' id='word_1_267' title='bbox 619 1691 848 1737; x_wconf 80' lang='lat' dir='ltr'>perstringit3</span> <span class='ocrx_word' id='word_1_268' title='bbox 875 1697 912 1724; x_wconf 89' lang='lat' dir='ltr'>et</span> <span class='ocrx_word' id='word_1_269' title='bbox 937 1697 1062 1725; x_wconf 86' lang='lat' dir='ltr'>neutro</span> <span class='ocrx_word' id='word_1_270' title='bbox 1088 1689 1259 1724; x_wconf 81' lang='lat' dir='ltr'>inclinata</span> <span class='ocrx_word' id='word_1_271' title='bbox 1284 1699 1349 1734; x_wconf 85' lang='lat' dir='ltr'>spe</span> 
     </span>
     <span class='ocr_line' id='line_1_35' title="bbox 90 1736 1350 1786; baseline -0.004 -12"><span class='ocrx_word' id='word_1_272' title='bbox 90 1740 255 1786; x_wconf 86' lang='lat' dir='ltr'>torpebat</span> <span class='ocrx_word' id='word_1_273' title='bbox 290 1751 356 1774; x_wconf 81' lang='lat' dir='ltr'>vox</span> <span class='ocrx_word' id='word_1_274' title='bbox 391 1741 621 1786; x_wconf 87' lang='lat' dir='ltr'>spiritusque.</span> <span class='ocrx_word' id='word_1_275' title='bbox 673 1738 856 1773; x_wconf 90' lang='lat' dir='ltr'>Consertis</span> <span class='ocrx_word' id='word_1_276' title='bbox 883 1737 1018 1772; x_wconf 88' lang='lat' dir='ltr'>deinde</span> <span class='ocrx_word' id='word_1_277' title='bbox 1052 1736 1232 1782; x_wconf 82' lang='lat' dir='ltr'>manibus,</span> <span class='ocrx_word' id='word_1_278' title='bbox 1263 1746 1350 1770; x_wconf 86' lang='lat' dir='ltr'>cum</span> 
     </span>
    </p>
   </div>
   <div class='ocr_carea' id='block_1_3' title="bbox 92 1828 1357 2354">
    <p class='ocr_par' dir='ltr' id='par_1_5' title="bbox 92 1828 1353 1952">
     <span class='ocr_line' id='line_1_36' title="bbox 133 1828 1353 1872; baseline -0.004 -7"><span class='ocrx_word' id='word_1_279' title='bbox 133 1837 143 1854; x_wconf 74' lang='lat'>¹</span> <span class='ocrx_word' id='word_1_280' title='bbox 160 1838 167 1851; x_wconf 90' lang='lat'><em>‘</em></span> <span class='ocrx_word' id='word_1_281' title='bbox 181 1834 334 1864; x_wconf 69' lang='lat' dir='ltr'>Vv&#39;ithout</span> <span class='ocrx_word' id='word_1_282' title='bbox 348 1843 412 1872; x_wconf 80' lang='lat' dir='ltr'>any</span> <span class='ocrx_word' id='word_1_283' title='bbox 427 1833 603 1863; x_wconf 85' lang='lat' dir='ltr'>detriment</span> <span class='ocrx_word' id='word_1_284' title='bbox 621 1838 654 1861; x_wconf 86' lang='lat' dir='ltr'>to</span> <span class='ocrx_word' id='word_1_285' title='bbox 667 1829 810 1869; x_wconf 84' lang='lat' dir='ltr'>myself.⁷</span> <span class='ocrx_word' id='word_1_286' title='bbox 850 1829 935 1860; x_wconf 85' lang='lat' dir='ltr'>This</span> <span class='ocrx_word' id='word_1_287' title='bbox 947 1840 1015 1860; x_wconf 85' lang='lat' dir='ltr'>was</span> <span class='ocrx_word' id='word_1_288' title='bbox 1028 1839 1046 1859; x_wconf 89' lang='lat' dir='ltr'>a</span> <span class='ocrx_word' id='word_1_289' title='bbox 1058 1836 1129 1868; x_wconf 89' lang='lat' dir='ltr'>part</span> <span class='ocrx_word' id='word_1_290' title='bbox 1141 1828 1178 1860; x_wconf 86' lang='lat' dir='ltr'>of</span> <span class='ocrx_word' id='word_1_291' title='bbox 1188 1828 1244 1860; x_wconf 85' lang='lat' dir='ltr'>the</span> <span class='ocrx_word' id='word_1_292' title='bbox 1256 1828 1353 1860; x_wconf 85' lang='lat' dir='ltr'>usual</span> 
     </span>
     <span class='ocr_line' id='line_1_37' title="bbox 92 1869 1351 1912; baseline -0.005 -6"><span class='ocrx_word' id='word_1_293' title='bbox 92 1874 245 1909; x_wconf 83' lang='lat' dir='ltr'>formula,</span> <span class='ocrx_word' id='word_1_294' title='bbox 265 1873 460 1912; x_wconf 83' lang='lat' dir='ltr'>expressing</span> <span class='ocrx_word' id='word_1_295' title='bbox 473 1883 491 1903; x_wconf 89' lang='lat' dir='ltr'>a</span> <span class='ocrx_word' id='word_1_296' title='bbox 508 1871 591 1902; x_wconf 84' lang='lat' dir='ltr'>wish</span> <span class='ocrx_word' id='word_1_297' title='bbox 609 1871 692 1906; x_wconf 81' lang='lat' dir='ltr'>that,</span> <span class='ocrx_word' id='word_1_298' title='bbox 712 1870 744 1900; x_wconf 88' lang='lat' dir='ltr'>in</span> <span class='ocrx_word' id='word_1_299' title='bbox 761 1869 903 1908; x_wconf 87' lang='lat' dir='ltr'>treating</span> <span class='ocrx_word' id='word_1_300' title='bbox 926 1869 1005 1900; x_wconf 82' lang='lat' dir='ltr'>with</span> <span class='ocrx_word' id='word_1_301' title='bbox 1022 1869 1160 1900; x_wconf 85' lang='lat' dir='ltr'>another</span> <span class='ocrx_word' id='word_1_302' title='bbox 1181 1876 1290 1908; x_wconf 88' lang='lat' dir='ltr'>party,</span> <span class='ocrx_word' id='word_1_303' title='bbox 1309 1879 1351 1900; x_wconf 89' lang='lat' dir='ltr'>no</span> 
     </span>
     <span class='ocr_line' id='line_1_38' title="bbox 93 1910 1049 1952; baseline -0.005 -6"><span class='ocrx_word' id='word_1_304' title='bbox 93 1915 270 1947; x_wconf 83' lang='lat' dir='ltr'>detriment</span> <span class='ocrx_word' id='word_1_305' title='bbox 287 1924 362 1952; x_wconf 85' lang='lat' dir='ltr'>may</span> <span class='ocrx_word' id='word_1_306' title='bbox 379 1914 419 1943; x_wconf 85' lang='lat' dir='ltr'>be.</span> <span class='ocrx_word' id='word_1_307' title='bbox 436 1910 606 1943; x_wconf 85' lang='lat' dir='ltr'>sustained</span> <span class='ocrx_word' id='word_1_308' title='bbox 621 1911 666 1949; x_wconf 92' lang='lat' dir='ltr'>by</span> <span class='ocrx_word' id='word_1_309' title='bbox 682 1910 775 1941; x_wconf 89' lang='lat' dir='ltr'>one’s</span> <span class='ocrx_word' id='word_1_310' title='bbox 791 1919 866 1940; x_wconf 83' lang='lat' dir='ltr'>own</span> <span class='ocrx_word' id='word_1_311' title='bbox 883 1911 1049 1941; x_wconf 87' lang='lat' dir='ltr'>interests.</span> 
     </span>
    </p>

    <p class='ocr_par' dir='ltr' id='par_1_6' title="bbox 134 1951 593 1985">
     <span class='ocr_line' id='line_1_39' title="bbox 134 1951 593 1985; baseline -0.011 1"><span class='ocrx_word' id='word_1_312' title='bbox 134 1956 147 1974; x_wconf 81' lang='lat'>²</span> <span class='ocrx_word' id='word_1_313' title='bbox 163 1955 213 1985; x_wconf 84' lang='lat' dir='ltr'>‘It</span> <span class='ocrx_word' id='word_1_314' title='bbox 231 1955 258 1985; x_wconf 89' lang='lat' dir='ltr'>is</span> <span class='ocrx_word' id='word_1_315' title='bbox 275 1960 330 1984; x_wconf 89' lang='lat' dir='ltr'>not</span> <span class='ocrx_word' id='word_1_316' title='bbox 348 1952 454 1983; x_wconf 80' lang='lat' dir='ltr'>worth</span> <span class='ocrx_word' id='word_1_317' title='bbox 470 1951 593 1982; x_wconf 87' lang='lat' dir='ltr'>while.’</span> 
     </span>
    </p>

    <p class='ocr_par' dir='ltr' id='par_1_7' title="bbox 99 1988 1353 2069">
     <span class='ocr_line' id='line_1_40' title="bbox 134 1988 1353 2026; baseline -0.003 -1"><span class='ocrx_word' id='word_1_318' title='bbox 134 1997 146 2014; x_wconf 78' lang='lat'><strong>³</strong></span> <span class='ocrx_word' id='word_1_319' title='bbox 161 1995 211 2025; x_wconf 79' lang='lat' dir='ltr'>As</span> <span class='ocrx_word' id='word_1_320' title='bbox 235 2001 268 2024; x_wconf 86' lang='lat' dir='ltr'>to</span> <span class='ocrx_word' id='word_1_321' title='bbox 292 1993 356 2024; x_wconf 80' lang='lat' dir='ltr'>this</span> <span class='ocrx_word' id='word_1_322' title='bbox 379 1992 507 2023; x_wconf 81' lang='lat' dir='ltr'>ancient</span> <span class='ocrx_word' id='word_1_323' title='bbox 531 2001 589 2022; x_wconf 86' lang='lat' dir='ltr'>use</span> <span class='ocrx_word' id='word_1_324' title='bbox 607 1989 645 2021; x_wconf 91' lang='lat' dir='ltr'>of</span> <span class='ocrx_word' id='word_1_325' title='bbox 661 1989 717 2021; x_wconf 83' lang='lat' dir='ltr'>the</span> <span class='ocrx_word' id='word_1_326' title='bbox 740 1988 943 2020; x_wconf 85' lang='lat' dir='ltr'>nominative</span> <span class='ocrx_word' id='word_1_327' title='bbox 965 1988 1015 2020; x_wconf 81' lang='lat' dir='ltr'>sor</span> <span class='ocrx_word' id='word_1_328' title='bbox 1035 1989 1092 2021; x_wconf 88' lang='lat' dir='ltr'>the</span> <span class='ocrx_word' id='word_1_329' title='bbox 1114 1989 1277 2026; x_wconf 81' lang='lat' dir='ltr'>vocative,</span> <span class='ocrx_word' id='word_1_330' title='bbox 1296 1999 1353 2021; x_wconf 85' lang='lat' dir='ltr'>see</span> 
     </span>
     <span class='ocr_line' id='line_1_41' title="bbox 99 2034 438 2069; baseline -0.012 -3"><span class='ocrx_word' id='word_1_331' title='bbox 99 2035 208 2066; x_wconf 74' lang='lat' dir='ltr'>Grani.</span> <span class='ocrx_word' id='word_1_332' title='bbox 227 2034 244 2067; x_wconf 52' lang='grc' dir='ltr'>ᾗ</span> <span class='ocrx_word' id='word_1_333' title='bbox 261 2036 332 2069; x_wconf 83' lang='grc'><strong>311,</strong></span> <span class='ocrx_word' id='word_1_334' title='bbox 351 2040 438 2063; x_wconf 83' lang='lat' dir='ltr'>note.</span> 
     </span>
    </p>

    <p class='ocr_par' dir='ltr' id='par_1_8' title="bbox 97 2069 1355 2194">
     <span class='ocr_line' id='line_1_42' title="bbox 136 2069 1355 2109; baseline -0.004 -4"><span class='ocrx_word' id='word_1_335' title='bbox 136 2077 148 2093; x_wconf 83' lang='lat'><strong>⁴</strong></span> <span class='ocrx_word' id='word_1_336' title='bbox 165 2079 172 2091; x_wconf 93' lang='lat'><em>‘</em></span> <span class='ocrx_word' id='word_1_337' title='bbox 191 2074 266 2105; x_wconf 85' lang='lat' dir='ltr'>The</span> <span class='ocrx_word' id='word_1_338' title='bbox 282 2073 352 2104; x_wconf 85' lang='lat' dir='ltr'>first</span> <span class='ocrx_word' id='word_1_339' title='bbox 369 2072 433 2103; x_wconf 90' lang='lat' dir='ltr'>and</span> <span class='ocrx_word' id='word_1_340' title='bbox 448 2071 504 2102; x_wconf 85' lang='lat' dir='ltr'>the</span> <span class='ocrx_word' id='word_1_341' title='bbox 521 2070 596 2107; x_wconf 83' lang='lat' dir='ltr'>last,</span> <span class='ocrx_word' id='word_1_342' title='bbox 615 2069 699 2101; x_wconf 86' lang='lat' dir='ltr'>from</span> <span class='ocrx_word' id='word_1_343' title='bbox 716 2069 772 2100; x_wconf 88' lang='lat' dir='ltr'>the</span> <span class='ocrx_word' id='word_1_344' title='bbox 789 2069 969 2109; x_wconf 83' lang='lat' dir='ltr'>beginning</span> <span class='ocrx_word' id='word_1_345' title='bbox 981 2076 1014 2101; x_wconf 89' lang='lat' dir='ltr'>to</span> <span class='ocrx_word' id='word_1_346' title='bbox 1030 2069 1086 2101; x_wconf 87' lang='lat' dir='ltr'>the</span> <span class='ocrx_word' id='word_1_347' title='bbox 1102 2069 1192 2101; x_wconf 87' lang='lat' dir='ltr'>end.&#39;</span> <span class='ocrx_word' id='word_1_348' title='bbox 1237 2069 1355 2101; x_wconf 84' lang='lat' dir='ltr'>Prima</span> 
     </span>
     <span class='ocr_line' id='line_1_43' title="bbox 102 2109 1352 2155; baseline -0.005 -9"><span class='ocrx_word' id='word_1_349' title='bbox 102 2121 261 2155; x_wconf 80' lang='lat' dir='ltr'>postrema</span> <span class='ocrx_word' id='word_1_350' title='bbox 278 2113 361 2144; x_wconf 84' lang='lat' dir='ltr'>have</span> <span class='ocrx_word' id='word_1_351' title='bbox 377 2112 468 2148; x_wconf 87' lang='lat' dir='ltr'>here,</span> <span class='ocrx_word' id='word_1_352' title='bbox 487 2122 522 2142; x_wconf 88' lang='lat' dir='ltr'>as</span> <span class='ocrx_word' id='word_1_353' title='bbox 539 2112 566 2141; x_wconf 88' lang='lat' dir='ltr'>is</span> <span class='ocrx_word' id='word_1_354' title='bbox 583 2120 736 2141; x_wconf 88' lang='lat' dir='ltr'>common</span> <span class='ocrx_word' id='word_1_355' title='bbox 756 2109 788 2140; x_wconf 90' lang='lat' dir='ltr'>in</span> <span class='ocrx_word' id='word_1_356' title='bbox 813 2109 899 2149; x_wconf 83' lang='lat' dir='ltr'>legal</span> <span class='ocrx_word' id='word_1_357' title='bbox 921 2109 984 2141; x_wconf 82' lang='lat' dir='ltr'>and</span> <span class='ocrx_word' id='word_1_358' title='bbox 1007 2110 1163 2150; x_wconf 84' lang='lat' dir='ltr'>religious</span> <span class='ocrx_word' id='word_1_359' title='bbox 1178 2109 1352 2146; x_wconf 84' lang='lat' dir='ltr'>formulae,</span> 
     </span>
     <span class='ocr_line' id='line_1_44' title="bbox 97 2149 1120 2194; baseline -0.005 -8"><span class='ocrx_word' id='word_1_360' title='bbox 97 2165 139 2186; x_wconf 93' lang='lat' dir='ltr'>no</span> <span class='ocrx_word' id='word_1_361' title='bbox 155 2154 366 2194; x_wconf 84' lang='lat' dir='ltr'>conjunction</span> <span class='ocrx_word' id='word_1_362' title='bbox 381 2151 579 2189; x_wconf 84' lang='lat' dir='ltr'>connecting</span> <span class='ocrx_word' id='word_1_363' title='bbox 595 2150 696 2181; x_wconf 82' lang='lat' dir='ltr'>them.</span> <span class='ocrx_word' id='word_1_364' title='bbox 744 2149 907 2189; x_wconf 87' lang='lat' dir='ltr'>Compare</span> <span class='ocrx_word' id='word_1_365' title='bbox 924 2150 945 2180; x_wconf 91' lang='lat' dir='ltr'>i.</span> <span class='ocrx_word' id='word_1_366' title='bbox 965 2153 1013 2187; x_wconf 83' lang='lat'>17,</span> <span class='ocrx_word' id='word_1_367' title='bbox 1033 2157 1120 2181; x_wconf 90' lang='lat' dir='ltr'>note.</span> 
     </span>
    </p>

    <p class='ocr_par' dir='ltr' id='par_1_9' title="bbox 137 2191 889 2231">
     <span class='ocr_line' id='line_1_45' title="bbox 137 2191 889 2231; baseline -0.008 -5"><span class='ocrx_word' id='word_1_368' title='bbox 137 2196 150 2213; x_wconf 68' lang='lat'>5</span> <span class='ocrx_word' id='word_1_369' title='bbox 166 2195 235 2226; x_wconf 92' lang='lat' dir='ltr'>Not</span> <span class='ocrx_word' id='word_1_370' title='bbox 252 2194 308 2225; x_wconf 88' lang='lat' dir='ltr'>the</span> <span class='ocrx_word' id='word_1_371' title='bbox 324 2194 404 2224; x_wconf 85' lang='lat' dir='ltr'>verb</span> <span class='ocrx_word' id='word_1_372' title='bbox 420 2193 542 2231; x_wconf 80' lang='lat' dir='ltr'>utique,</span> <span class='ocrx_word' id='word_1_373' title='bbox 562 2192 619 2222; x_wconf 91' lang='lat' dir='ltr'>but</span> <span class='ocrx_word' id='word_1_374' title='bbox 637 2196 665 2221; x_wconf 82' lang='lat' dir='ltr'>et</span> <span class='ocrx_word' id='word_1_375' title='bbox 681 2191 732 2221; x_wconf 75' lang='lat' dir='ltr'>uri</span> <span class='ocrx_word' id='word_1_376' title='bbox 747 2200 782 2220; x_wconf 92' lang='lat' dir='ltr'>or</span> <span class='ocrx_word' id='word_1_377' title='bbox 798 2196 826 2221; x_wconf 77' lang='lat' dir='ltr'>et</span> <span class='ocrx_word' id='word_1_378' title='bbox 842 2196 889 2221; x_wconf 83' lang='lat' dir='ltr'>ut.</span> 
     </span>
    </p>

    <p class='ocr_par' dir='ltr' id='par_1_10' title="bbox 138 2229 1335 2271">
     <span class='ocr_line' id='line_1_46' title="bbox 138 2229 1335 2271; baseline -0.003 -6"><span class='ocrx_word' id='word_1_379' title='bbox 138 2235 150 2253; x_wconf 80' lang='lat'><strong>⁶</strong></span> <span class='ocrx_word' id='word_1_380' title='bbox 165 2235 309 2265; x_wconf 85' lang='lat' dir='ltr'>Ancient</span> <span class='ocrx_word' id='word_1_381' title='bbox 324 2233 407 2264; x_wconf 87' lang='lat' dir='ltr'>form</span> <span class='ocrx_word' id='word_1_382' title='bbox 423 2231 473 2262; x_wconf 86' lang='lat' dir='ltr'>for</span> <span class='ocrx_word' id='word_1_383' title='bbox 487 2232 646 2271; x_wconf 62' lang='lat' dir='ltr'>defecerit.</span> <span class='ocrx_word' id='word_1_384' title='bbox 692 2229 857 2269; x_wconf 86' lang='lat' dir='ltr'>Compare</span> <span class='ocrx_word' id='word_1_385' title='bbox 873 2229 894 2261; x_wconf 91' lang='lat' dir='ltr'>i.</span> <span class='ocrx_word' id='word_1_386' title='bbox 913 2233 962 2267; x_wconf 90' lang='lat'>18,</span> <span class='ocrx_word' id='word_1_387' title='bbox 981 2236 1059 2261; x_wconf 88' lang='lat' dir='ltr'>note</span> <span class='ocrx_word' id='word_1_388' title='bbox 1074 2240 1117 2260; x_wconf 91' lang='lat' dir='ltr'>on</span> <span class='ocrx_word' id='word_1_389' title='bbox 1131 2231 1335 2263; x_wconf 71' lang='lat' dir='ltr'>arctarassis.</span> 
     </span>
    </p>

    <p class='ocr_par' dir='ltr' id='par_1_11' title="bbox 100 2269 1357 2354">
     <span class='ocr_line' id='line_1_47' title="bbox 138 2269 1357 2312; baseline -0.002 -7"><span class='ocrx_word' id='word_1_390' title='bbox 138 2274 151 2291; x_wconf 86' lang='lat'>&#39;⁷</span> <span class='ocrx_word' id='word_1_391' title='bbox 167 2277 197 2305; x_wconf 92' lang='lat' dir='ltr'><strong>A</strong></span> <span class='ocrx_word' id='word_1_392' title='bbox 214 2274 397 2312; x_wconf 71' lang='lat' dir='ltr'>tautology,</span> <span class='ocrx_word' id='word_1_393' title='bbox 417 2271 527 2303; x_wconf 87' lang='lat' dir='ltr'>which</span> <span class='ocrx_word' id='word_1_394' title='bbox 542 2281 658 2302; x_wconf 88' lang='lat' dir='ltr'>occurs</span> <span class='ocrx_word' id='word_1_395' title='bbox 674 2269 745 2301; x_wconf 84' lang='lat' dir='ltr'>also</span> <span class='ocrx_word' id='word_1_396' title='bbox 761 2271 794 2301; x_wconf 90' lang='lat' dir='ltr'>in</span> <span class='ocrx_word' id='word_1_397' title='bbox 809 2270 974 2307; x_wconf 85' lang='lat' dir='ltr'>Terence,</span> <span class='ocrx_word' id='word_1_398' title='bbox 992 2270 1056 2302; x_wconf 88' lang='lat' dir='ltr'>and</span> <span class='ocrx_word' id='word_1_399' title='bbox 1069 2270 1103 2301; x_wconf 87' lang='lat' dir='ltr'>in</span> <span class='ocrx_word' id='word_1_400' title='bbox 1117 2269 1248 2302; x_wconf 85' lang='lat' dir='ltr'>several</span> <span class='ocrx_word' id='word_1_401' title='bbox 1261 2270 1357 2303; x_wconf 81' lang='lat' dir='ltr'>other</span> 
     </span>
     <span class='ocr_line' id='line_1_48' title="bbox 100 2313 419 2354; baseline -0.009 -8"><span class='ocrx_word' id='word_1_402' title='bbox 100 2324 258 2354; x_wconf 84' lang='lat' dir='ltr'>passages</span> <span class='ocrx_word' id='word_1_403' title='bbox 275 2313 312 2345; x_wconf 86' lang='lat' dir='ltr'>of</span> <span class='ocrx_word' id='word_1_404' title='bbox 324 2313 419 2352; x_wconf 83' lang='lat' dir='ltr'>Livy.</span> 
     </span>
    </p>
   </div>
  </div>
 </body>
</html>
