1523 2524
678 113 804 140 mnan
833 115 939 141 xxix.
1359 112 1439 148 273

178 188 256 219 orta
280 195 328 220 ex
351 184 434 220 lacu
459 186 595 221 nebula
619 198 749 233 campo
766 200 877 234 quarn
904 190 1090 226 montibus
1112 191 1257 229 densior
1282 194 1439 243 sederat,

177 242 398 278 agminaque
423 232 583 269 hostium
616 246 661 269 ex
693 236 857 281 pluribus
881 236 1037 272 collibus
1062 239 1139 285 ipsa
1165 240 1260 276 inter
1285 253 1324 276 se
1351 244 1440 279 satis

177 285 375 324 conspecta
415 291 531 326 eoque
573 283 691 327 magis
732 283 867 328 pariter
908 283 1201 322 decucurrerant.
1252 289 1438 326 Romanus

177 324 336 360 clamore
361 327 461 372 prius
487 328 649 374 undique
675 337 764 370 ort0,
783 342 894 376 quam
921 332 1010 366 satis
1028 341 1204 381 cerneret,
1224 347 1264 371 se
1282 337 1436 373 circum-

176 378 327 408 ventum
361 385 442 408 esse
476 377 609 421 sensit3
644 383 679 411 et
714 384 799 411 aute
829 378 864 411 in
891 378 1046 414 frontem
1073 380 1259 429 lateraque
1284 385 1438 429 pugnari

174 425 347 465 coeptum
373 428 439 466 est,
460 433 568 467 quam
596 424 684 458 satis
707 425 941 460 instrueretur
958 428 1057 461 acies
1075 436 1136 463 aut
1154 430 1315 477 expediri
1333 443 1437 467 arma

174 466 376 513 stringique
393 468 504 513 gladii
522 477 681 515 possent.

221 517 254 548 5.
289 515 420 550 Consul
447 517 625 562 perculsis
657 518 829 552 omnibus
854 519 932 565 ipse
959 521 1057 567 satis,
1086 529 1124 556 ut
1152 524 1189 557 in
1215 524 1357 571 trepida
1383 537 1433 572 re²

173 559 382 607 impavidus
408 563 570 598 turbatos
596 564 751 611 ordines,
771 572 937 601 vertente
965 579 1003 602 se
1031 580 1174 615 quoque
1200 571 1246 606 ad
1271 573 1435 608 dissonos

171 607 362 654 clamores,
382 610 524 645 instruit
544 618 582 646 ut
609 618 753 658 tempus
779 612 952 659 locusque
979 618 1133 662 patitur3
1160 625 1196 652 et
1213 630 1433 667 quacunque

171 654 271 690 adire
296 656 486 703 audirique
511 664 639 705 potest,
659 660 869 695 adhortatur
886 673 929 696 ac
948 669 1042 697 stare
1061 670 1097 698 et
1122 677 1284 711 pugnare
1307 667 1430 713 jubet:

171 713 241 737 nec
266 703 365 739 enim
392 704 476 739 inde
504 707 596 740 votis
620 713 681 741 aut
708 707 961 754 imploratione
987 710 1109 755 deum,
1138 713 1203 747 sed
1230 715 1264 748 vi
1292 726 1337 749 ac
1363 716 1431 749 vir-

172 755 249 784 tute
283 750 519 787 evadendum
553 764 648 788 esse.
701 755 769 789 Per
795 755 936 790 medias
963 758 1064 792 acies
1090 759 1183 794 ferro
1209 761 1306 796 viam
1333 762 1432 808 fieri;

169 801 205 829 et
240 808 310 843 quo
343 799 482 834 timoris
522 801 643 836 minus
675 803 732 847 sit,
767 813 810 836 eo
845 804 967 838 minus
1000 804 1116 840 ferme
1151 809 1301 853 periculi
1335 821 1430 844 esse.

171 842 341 880 Ceterum
366 857 453 891 prae
481 848 633 893 strepitu
658 861 701 883 ac
727 850 885 884 tumultu
912 862 981 885 nec
1009 854 1201 889 consilium
1229 867 1298 890 nec
1315 856 1432 902 impe-

169 889 261 925 rium
288 893 408 939 accipi
434 900 594 940 poterat3
624 902 841 942 tantumque
867 898 993 932 aberat
1020 906 1058 934 ut
1089 912 1152 935 sua
1186 903 1288 947 signa
1319 911 1431 950 atque

167 938 331 974 ordinem
358 946 394 974 et
419 940 539 976 locum
566 950 732 978 nosceret
757 944 873 990 miles,
904 952 940 979 ut
967 947 1027 981 vix
1052 948 1098 982 ad
1124 960 1226 983 arma
1251 951 1432 996 capienda

168 985 401 1033 aptandaque
434 1000 577 1034 pugnae
612 998 837 1037 competeret
870 993 1040 1037 animus‚¹
1067 997 1433 1044 opprimerenturque

168 1032 321 1077 quidam
354 1036 491 1070 onerati
525 1038 642 1083 magis
674 1037 733 1072 his
758 1050 867 1084 quam
903 1041 1018 1074 tecti.²
1068 1042 1114 1076 Et
1148 1050 1223 1078 erat
1258 1044 1292 1078 in
1328 1051 1432 1080 tanta

167 1078 323 1124 caligine
355 1082 470 1127 major
504 1095 590 1118 usus
625 1086 766 1120 aurium
796 1097 907 1131 quarn
941 1088 1150 1123 oculorum:
1186 1090 1230 1125 ad
1266 1092 1429 1136 gemitus

169 1125 375 1161 vulnerum³
399 1129 567 1175 ictusque
593 1142 785 1177 corporum
809 1140 872 1167 aut
897 1145 1080 1169 armorum
1111 1142 1147 1170 et
1180 1138 1314 1173 mixtos
1339 1146 1428 1174 stre-

167 1173 332 1217 pentium
366 1178 654 1222 paventiumque
695 1178 876 1213 clamores
909 1182 1214 1218 circumferebant
1248 1197 1309 1220 ora
1341 1197 1427 1222 ocu-

166 1219 301 1265 losque.
353 1221 429 1257 Alii
462 1223 646 1268 fugientes
677 1227 917 1270 pugnantium
951 1228 1056 1272 globo
1091 1230 1177 1265 illati
1204 1231 1426 1280 haerebant;

166 1266 256 1301 alios
297 1267 493 1304 redeuntes
532 1270 568 1305 in
609 1283 770 1318 pugnam
802 1274 991 1310 avertebat
1024 1275 1243 1322 fugientium
1276 1291 1424 1325 agmen.

166 1313 309 1349 Deinde
341 1316 404 1350 ubi
438 1317 475 1351 in
511 1328 639 1353 omnes
672 1326 793 1365 partes
826 1322 1073 1368 nequicquam
1105 1324 1267 1371 impetus
1301 1330 1426 1375 capti,⁴

166 1367 202 1394 et
227 1361 276 1396 ab
300 1362 476 1399 lateribus
500 1373 643 1401 montes
663 1378 707 1401 ac
725 1367 836 1410 lacus,
856 1380 878 1402 a
895 1369 1012 1404 fronte
1031 1377 1066 1405 et
1083 1371 1129 1406 ab
1147 1379 1247 1418 tergo
1265 1373 1425 1411 hostium

164 1409 266 1443 acies
290 1409 494 1456 claudebat,
514 1414 754 1459 apparuitque
780 1415 918 1450 nullam
945 1417 1014 1451 nisi
1042 1418 1076 1452 in
1102 1418 1231 1454 dextra
1258 1421 1424 1468 ferroque

165 1455 294 1491 salutis
319 1469 422 1503 spem
450 1470 544 1504 esse,
565 1467 641 1495 tum
659 1461 726 1495 sibi
743 1463 898 1508 quisque
916 1463 990 1498 dux
1007 1464 1286 1513 adhortatorque
1306 1469 1424 1505 factus

165 1502 212 1536 ad
239 1515 313 1538 rem
341 1507 551 1552 gerendam,
572 1513 608 1541 et
633 1519 726 1542 nova
751 1509 797 1542 de
823 1509 961 1554 integro
988 1519 1108 1546 exorta
1127 1525 1249 1558 pugna
1267 1523 1332 1562 est,
1351 1529 1424 1553 non

167 1549 228 1584 illa
261 1551 425 1586 ordinata
457 1564 522 1598 per
547 1555 731 1601 principes
758 1556 1006 1602 hastatosque⁵
1030 1569 1074 1592 ac
1100 1562 1251 1607 triarios7
1279 1575 1348 1598 nec
1383 1571 1422 1600 ut

164 1608 226 1642 pro
253 1598 365 1643 signis
389 1601 630 1646 antesignani,
650 1609 730 1648 post
757 1603 857 1648 signa
883 1604 953 1638 alia
972 1613 1148 1649 pugnaret
1166 1609 1275 1655 acies,
1295 1622 1365 1645 nec
1382 1618 1421 1647 ut

165 1646 200 1678 in
225 1656 292 1679 sua
318 1645 462 1691 legione
488 1648 597 1683 miles
623 1656 685 1684 aut
711 1649 858 1685 cohorte
884 1658 944 1686 aut
968 1652 1152 1698 manipulo
1171 1663 1280 1691 esset.
1332 1658 1422 1694 Fors

159 1692 365 1737 conglobat,
394 1700 431 1728 et
462 1695 606 1730 animus
640 1708 726 1731 suus
759 1698 892 1743 cuique
925 1705 1009 1732 ante
1042 1706 1105 1734 aut
1131 1710 1210 1746 post
1235 1706 1421 1749 pugnandi

162 1738 329 1774 ordinem
346 1740 478 1786 dabat3
504 1748 696 1789 tantusque
716 1743 782 1779 fuit
809 1745 912 1779 ardor
936 1757 1130 1791 armorum,
1149 1749 1242 1784 adeo
1260 1751 1422 1788 intentus

163 1795 305 1831 pugnae
330 1787 484 1834 animus,
505 1797 543 1824 ut
570 1801 657 1825 eum
674 1797 814 1826 motum
833 1798 958 1838 terrae,
978 1794 1040 1838 qui
1056 1794 1255 1832 multarum
1274 1799 1421 1835 urbium

203 1909 212 1925 ¹
229 1910 237 1924 ‘
250 1907 340 1939 That
356 1908 437 1948 they
453 1909 516 1941 had
532 1911 682 1951 scarcely
697 1911 782 1943 their
798 1913 872 1944 wits
890 1915 990 1946 about
1007 1915 1098 1947 them
1115 1917 1318 1960 sufficiently
1334 1922 1391 1953 to.‘

201 1947 214 1965 ²
229 1947 408 1987 Naturally
429 1950 572 1989 enough,
598 1952 739 1982 because
763 1953 817 1983 the
843 1953 1003 1990 Romans,
1023 1956 1121 1988 when
1144 1968 1187 1989 on
1210 1960 1265 1991 the
1287 1962 1414 1999 march,

163 1987 288 2018 carried
303 1988 389 2019 their
404 1989 546 2020 helmets
562 1991 625 2021 and
641 1991 766 2023 shields
783 1999 814 2022 at
831 1993 916 2024 their
931 1995 1045 2027 backs.

202 2026 214 2044 ³
227 2027 261 2056 A
277 2029 460 2059 somewhat
477 2029 544 2060 sree
561 2041 619 2061 use
636 2031 673 2061 of
691 2031 746 2062 the
762 2033 918 2071 genitive,
937 2045 979 2065 no
995 2035 1097 2068 doubt
1115 2048 1155 2068 on
1173 2048 1310 2072 account
1328 2041 1366 2072 of
1375 2042 1419 2074 its

162 2067 357 2097 connection
373 2068 454 2098 with
472 2069 526 2100 the
543 2069 713 2110 following
730 2073 809 2103 ictus
825 2084 999 2113 corporum,
1018 2075 1069 2107 for
1084 2079 1118 2109 ob
1134 2081 1280 2111 vulnera.

202 2106 214 2124 ⁴
231 2105 527 2177 capelzefmpemm’
550 2113 603 2140 ‘to
619 2111 715 2141 make
733 2122 774 2143 an
790 2114 926 2151 attack,'
946 2125 982 2146 or
997 2116 1118 2154 rather,
1142 2122 1149 2134 ¹
1162 2129 1205 2149 an
1227 2127 1367 2160 attempt
1383 2128 1417 2154 at

162 2155 204 2176 an
225 2152 314 2177 attae
342 2172 348 2177 .

201 2186 214 2203 ⁵
227 2185 322 2217 More
344 2187 484 2227 strictly,
526 2201 558 2220 er
571 2192 712 2222 hastatos
730 2198 758 2223 et
771 2194 945 2234 principes,
964 2195 1013 2227 for
1029 2196 1084 2227 the
1101 2208 1290 2237 companles
1306 2201 1345 2232 of
1360 2201 1418 2234 the

160 2227 283 2256 hastati
303 2226 417 2266 fought
442 2228 476 2258 in
491 2200 546 2260 the
563 2229 634 2261 first
650 2230 726 2269 line,
745 2232 840 2264 those
856 2234 894 2265 of
911 2235 967 2266 the
982 2238 1144 2277 principes
1161 2239 1193 2268 in
1210 2239 1266 2270 the
1283 2241 1417 2274 second.

161 2264 238 2296 The
261 2266 389 2303 author,
408 2268 575 2303 however.
594 2270 708 2302 thinks
731 2273 857 2314 merely
873 2275 911 2306 of
927 2276 984 2307 the
1007 2276 1100 2308 three
1123 2277 1284 2312 divisions
1307 2280 1344 2313 of
1360 2281 1418 2314 the

164 2304 284 2346 legion,
302 2313 358 2338 not
374 2307 412 2338 of
428 2307 514 2340 their
529 2309 624 2341 order
638 2310 676 2342 of
693 2311 796 2351 place.

779 2365 795 2389 ὃ
