1507 2492
646 95 770 119 mnan
791 95 875 119 xxr.
1308 83 1387 117 245

135 168 208 204 lius
225 174 349 205 auctor
367 172 421 202 est
439 168 639 213 Magonem
665 179 750 202 cum
773 168 936 212 equitatu
955 174 990 201 et
1009 167 1179 212 Hispanis
1203 166 1388 212 peditibus

137 217 275 251 flumen
310 215 492 260 extemplo
527 223 743 258 mansitasse,
773 215 890 259 ipsum
925 214 1169 248 Hannibalem
1196 225 1258 259 per
1284 224 1388 257 supe-

137 263 231 297 riora
249 262 338 297 Padi
356 261 449 296 vada
468 263 668 296 exercitum
697 262 911 307 traduxisse,
932 261 1137 306 elephantis
1164 261 1197 294 in
1225 260 1390 296 ordinem

136 310 182 344 ad
217 309 471 344 sustinendum
505 310 685 354 impetum
720 309 882 342 fluminis
915 308 1111 354 oppositis,¹
1180 308 1234 342 Ea
1268 307 1390 352 peritis

136 356 256 391 amnis
282 356 362 402 ejus
387 358 448 390 vix
474 356 586 391 fidem
621 355 794 389 fecerint:
830 367 914 389 nam
950 366 1069 400 neque
1103 355 1247 400 equites
1279 354 1391 388 armis

137 403 314 449 equisque
333 403 443 438 salvis
461 408 599 438 tantam
617 403 693 436 vim
714 402 875 436 fluminis
897 413 1086 448 superasse
1105 401 1305 435 verisimile
1323 406 1389 445 est,

137 456 177 485 ut
202 450 277 496 ja‘m
297 451 476 496 Hispanos
494 462 621 484 omnes
647 450 762 483 inflati
788 449 1049 483 transvexerint
1079 449 1211 493 utres3²
1237 454 1272 482 et
1299 447 1391 482 mul-

138 502 256 531 torum
298 497 442 531 dierum
484 497 635 531 circuitu
679 496 767 530 Padi
807 497 902 530 vada
943 495 1102 541 petenda
1142 495 1285 538 fuerint,
1321 505 1393 539 qua

139 544 320 578 exercitus
360 544 482 588 gravis
523 543 797 589 impedimentis
838 543 979 577 traduci
1022 548 1154 588 posset.
1231 541 1393 575 Potiores

139 590 237 636 apud
256 601 316 636 me
342 597 508 625 auctores
534 597 627 635 sunt,
647 590 710 636 qui
736 589 847 624 biduo
874 591 934 625 vix
960 590 1080 623 locum
1107 595 1183 623 rate
1208 587 1392 634 jungendo

139 637 298 681 flumini³
331 638 521 672 inventum
553 638 720 681 tradunt3
755 639 811 670 ea⁴
847 649 931 671 cum
958 637 1117 681 Magone
1144 636 1288 681 equites
1313 635 1393 668 His-

139 695 316 730 panorum
369 684 558 729 expeditos
608 684 837 728 praemissos.
914 684 1010 717 Dum
1060 682 1254 727 Hannibal,
1298 682 1395 716 circa

142 731 280 765 flumen
323 730 563 775 legationibus
596 730 783 765 Gallorum
824 730 1017 764 audiendis
1057 735 1227 774 moratus,
1263 728 1395 774 trajicit

140 778 286 821 gravius
311 777 476 823 peditum
501 788 645 822 agmen,
674 778 819 811 interim
853 778 963 821 Mago
989 777 1203 822 equitesque
1229 775 1275 810 ab
1302 781 1394 809 tran-

142 825 211 859 situ
254 825 418 859 fluminis
458 824 531 858 diei
574 824 682 858 unius
723 824 851 858 itinere
902 823 1127 858 Placentiam
1177 822 1223 856 ad
1273 823 1396 856 hostes

141 871 375 906 contendunt.
449 871 633 905 Hannibal
666 871 791 916 paucis
831 876 911 916 post
950 870 1084 904 diebus
1113 881 1178 904 sex
1219 869 1334 904 milia⁵
1373 880 1396 902 a

141 918 328 952 Placentia
361 923 479 952 castra
513 918 761 962 communivit,
790 923 826 951 et
859 923 1001 962 postero
1032 916 1092 951 die
1127 917 1164 951 in
1198 921 1395 962 conspectu

141 964 302 1000 hostium
319 965 399 999 acie
417 965 554 999 directa
571 970 790 1010 potestatem
810 975 954 1010 pugnae
973 963 1071 998 fecit.
1352 964 1355 967 ’

189 1015 246 1046 48.
273 1012 482 1058 Insequenti
515 1017 620 1046 nocte
653 1011 786 1045 caedes
813 1012 849 1046 in
875 1012 999 1045 castris
1030 1010 1210 1056 Romanis,
1237 1009 1396 1044 tumultu

142 1063 265 1093 tamen
285 1071 395 1104 quam
422 1071 459 1093 re
485 1059 610 1104 major,
630 1059 677 1092 ab
694 1058 928 1092 auxiliaribus
954 1057 1070 1092 Gallis
1096 1058 1194 1091 facta
1220 1063 1286 1090 est.
1338 1055 1396 1090 Ad

142 1105 215 1140 duo
251 1106 350 1139 milia
383 1105 549 1150 peditum
583 1111 619 1139 et
652 1105 800 1138 ducenti
829 1106 981 1149 equites,
1010 1103 1178 1148 vigilibus
1203 1103 1249 1138 ad
1276 1109 1397 1148 portas

144 1152 342 1196 trucidatis,
377 1152 424 1186 ad
458 1151 700 1186 Hannibalem
737 1150 1000 1195 transfugiunt3
1035 1162 1125 1195 quos
1158 1151 1301 1184 Poenus
1335 1150 1396 1184 be-

143 1199 252 1243 nigne
286 1198 475 1244 allocutus,
514 1204 550 1232 et
584 1209 647 1242 spe
684 1198 883 1242 ingentium
925 1197 1101 1232 donorum
1142 1208 1325 1241 accensos,
1362 1197 1397 1230 in

143 1246 310 1280 civitates
327 1256 512 1291 quemque
541 1244 640 1279 suas⁶
658 1244 703 1278 ad
731 1244 978 1278 sollicitandos
1003 1244 1229 1290 popularium
1255 1244 1397 1277 animos

143 1293 295 1327 dimisit.
358 1292 475 1338 Scipio
502 1291 656 1325 caedem
690 1303 770 1325 eam
807 1291 947 1336 signum
983 1291 1203 1325 defectionis
1233 1290 1398 1325 omnium

143 1337 331 1374 Gallorum
364 1350 446 1374 esse
481 1345 590 1383 ratus7
618 1344 875 1383 contactosque
903 1349 945 1372 eo
973 1338 1113 1372 scelere
1140 1338 1239 1372 velut
1266 1338 1400 1383 injecta

145 1387 245 1421 rabie
270 1386 319 1420 ad
343 1397 445 1420 arma
463 1386 583 1430 ituros,
603 1396 826 1430 quamquam
851 1385 971 1430 gravis
996 1384 1117 1419 adhuc
1135 1384 1284 1419 vulnere
1310 1391 1396 1428 erat,

145 1440 271 1468 tamen
306 1439 434 1478 quarta
459 1432 586 1477 vigilia
612 1432 728 1466 noctis
754 1432 977 1476 insequentis
1010 1432 1120 1466 tacito
1149 1432 1296 1476 agmine
1322 1443 1399 1476 pro-

144 1480 263 1514 fectus
295 1480 341 1514 ad
375 1479 550 1513 Trebiam
583 1478 736 1512 fluvium
771 1478 809 1512 in
841 1479 921 1512 loca
954 1478 1081 1512 altiora
1114 1478 1300 1523 collesque
1335 1479 1400 1512 im-

144 1526 341 1573 peditiores
366 1526 479 1572 equiti
509 1532 627 1560 castra
660 1531 794 1559 movet.
847 1525 971 1559 Minus
1003 1537 1114 1570 quam
1148 1526 1194 1559 ad
1229 1525 1401 1559 Ticinum

188 1652 195 1669 ¹
213 1649 288 1680 The
305 1649 479 1688 elephants
497 1659 584 1680 were
608 1659 645 1679 so
667 1648 794 1687 placed,
814 1648 884 1679 that
902 1648 958 1679 the
974 1648 1123 1680 violence
1140 1649 1178 1679 of
1195 1649 1251 1680 the
1268 1657 1400 1681 current

147 1701 219 1726 was
235 1690 362 1721 broken
379 1700 420 1720 on
437 1689 523 1720 their
539 1689 680 1719 colossal
696 1689 822 1719 bodies.
866 1689 914 1718 At
932 1689 988 1719 the
1004 1699 1143 1728 passage
1161 1689 1197 1719 of
1208 1690 1264 1720 the
1282 1689 1400 1721 Rhone

148 1736 216 1801 (shee
240 1730 332 1769 chap.
357 1732 408 1765 27)
433 1729 600 1761 Hannibal
622 1729 741 1768 gained
770 1728 825 1759 the
856 1739 946 1760 same
969 1729 1032 1760 end
1055 1730 1098 1768 by
1121 1740 1235 1760 means
1258 1729 1295 1760 of
1312 1730 1401 1770 large

148 1781 164 1801 s
190 1780 256 1809 ips.

188 1822 201 1840 ²
217 1824 224 1838 ‘
236 1820 329 1852 Even
345 1822 525 1861 supposing
541 1822 607 1851 that
625 1819 667 1850 all
691 1819 746 1849 the
771 1819 948 1857 Spaniards
965 1829 1052 1850 were
1079 1820 1203 1851 carried
1228 1831 1338 1852 across
1361 1832 1403 1852 on

148 1861 242 1892 skins
258 1861 369 1891 blown
386 1861 452 1899 up?
499 1861 550 1891 As
567 1866 600 1890 to
617 1866 652 1890 ut
671 1859 702 1889 in
719 1859 784 1890 this
801 1870 910 1895 sense,
930 1870 986 1890 see
1007 1860 1116 1891 Gram.
1135 1860 1152 1893 ὑ
1169 1864 1239 1901 352,
1259 1868 1335 1892 note
1354 1864 1380 1892 1.

190 1915 201 1932 ³
217 1917 224 1930 ‘
241 1915 273 1944 A
290 1914 382 1952 place
398 1913 447 1944 for
463 1913 660 1951 connecting
682 1912 738 1943 the
762 1918 829 1942 two
846 1912 952 1943 banks
969 1912 1006 1943 of
1023 1913 1079 1943 the
1093 1913 1178 1944 river
1195 1915 1238 1953 by
1255 1924 1272 1944 a
1288 1914 1401 1953 bridge

149 1953 187 1984 of
204 1954 299 1984 boats
316 1958 398 1986 (rate
414 1953 625 1991 collectively
642 1953 689 1983 for
706 1953 845 1987 ratibus>
858 1953 878 1983 ε’
899 1953 969 1983 that
986 1953 1025 1989 is,
1046 1953 1175 1992 briefly‚
1198 1958 1205 1969 ‘
1220 1964 1238 1984 a
1261 1954 1402 1985 suitable

150 1993 255 2064 ἓῗὲῗη
266 1993 628 2066 [Ἑτ3ῗ4ὺοαῑ-ὺῐὶε1ἕθ.’”
670 1993 721 2023 As
738 1999 771 2022 to
789 1993 844 2023 the
861 1992 970 2024 dat-ive
985 1993 1122 2033 flumini
1136 1995 1319 2033 jungendo,
1346 2004 1402 2024 see

190 2086 202 2103 ⁴¹
219 2089 226 2102 ‘
239 2085 279 2116 In
296 2085 366 2116 that
383 2085 483 2124 way‚’
503 2095 539 2116 or
558 2085 693 2116 ‘there'
742 2085 805 2116 See
824 2085 957 2124 Zumpt,
977 2086 994 2119 ᾧ
1011 2088 1080 2117 288.

190 2142 202 2158 ⁵
217 2139 290 2170 The
304 2140 489 2170 accusative
505 2139 543 2169 of
560 2139 726 2170 distance:
752 2139 807 2169 the
825 2139 967 2170 ablative
992 2151 1047 2170 sese
1062 2140 1188 2170 milibus
1212 2139 1318 2178 might
1333 2139 1404 2170 also

151 2179 235 2211 have
252 2181 337 2210 been
353 2179 445 2210 used.
491 2179 554 2210 See
575 2179 683 2209 Gram.
702 2179 719 2212 ᾧ
735 2181 808 2216 256,
828 2186 903 2210 note
921 2182 949 2210 2.

192 2231 204 2248 ⁶
217 2229 311 2261 More
328 2230 516 2268 commonly
533 2231 568 2260 in
592 2241 682 2260 suam
695 2241 846 2269 quemque
861 2231 1033 2266 civitatem,
1054 2229 1109 2260 the
1133 2229 1284 2268 singular
1305 2230 1406 2269 being

151 2269 246 2308 used,
261 2269 395 2344 an2dltgge
411 2271 546 2310 quisque
561 2269 676 2309 placed
691 2269 775 2301 after
790 2270 846 2301 the
862 2280 1020 2309 pronoun.
1066 2270 1129 2300 See
1147 2269 1281 2308 Zumpt,
1298 2269 1316 2303 ᾧ
1332 2272 1405 2302 800.
