1507 2476
687 80 812 105 mnan
832 80 858 105 1.
1348 68 1400 105 57

141 155 189 191 ad
230 153 446 190 diruendam
487 153 629 188 urbem.
695 153 796 192 Quae
838 152 902 188 ubi
945 152 1124 186 intravere
1167 157 1296 197 portas,
1331 162 1403 187 non

142 201 292 248 quidem
322 201 388 236 suit
418 201 597 235 tumultus
624 200 684 235 ille
711 212 778 235 nec
804 212 925 246 pavor,
953 200 1070 245 qualis
1098 206 1286 245 captarum
1321 210 1403 233 esse

142 250 288 284 urbium
323 248 425 293 solet,
460 259 544 282 cum
579 248 741 282 effractis
774 249 883 292 portis
917 247 1083 282 stratisve
1127 247 1240 280 ariete
1276 247 1400 291 muris,

140 302 204 331 aut
229 307 312 330 arce
330 296 365 330 vi
385 302 502 341 capta,
522 295 659 329 clamor
677 295 817 329 hostilis
843 301 878 328 et
905 306 1033 328 cursus
1050 301 1114 340 per
1132 294 1259 328 urbem
1286 305 1403 327 arma-

141 349 259 378 torum
285 343 410 377 omnia
438 343 529 376 ferro
556 343 779 387 flammaque
807 342 960 376 miscet:
997 341 1061 375 sed
1089 341 1274 376 silentium
1302 341 1403 375 triste

140 401 185 424 ac
205 390 313 424 tacita
340 390 524 424 maestitia
543 391 589 423 ita
608 389 733 423 defixit
759 389 922 423 omnium
951 390 1102 431 animos,
1124 396 1161 422 ut
1188 399 1273 434 prae
1300 397 1403 422 metu

140 437 252 481 obliti,
287 436 376 483 quid
419 437 674 482 relinquerent,
720 437 807 481 quid
852 448 976 470 secum
1023 437 1168 477 sei-rent,
1205 435 1403 469 deficiente

140 483 299 529 consilio,
328 485 598 529 rogitantesque
627 483 689 517 alii
716 484 817 527 alios,
846 494 941 517 nunc
973 484 1005 517 in
1036 482 1228 517 liminibus
1255 488 1402 527 starent,

141 542 239 566 nunc
273 531 467 566 errabundi
501 531 629 565 domos
656 542 751 574 suaS,
784 530 952 565 ultimum
989 530 1090 564 illud¹
1128 530 1245 573 visuri,
1277 541 1404 575 perva-

140 584 322 624 garentur.
384 578 432 613 Ut
464 589 550 613 vero
583 577 660 624 jam
694 579 857 623 equitum
891 577 1029 612 clamor
1063 577 1162 611 exire
1195 577 1403 622 jubentium

141 625 310 664 instabat.
344 625 420 671 jam
463 625 580 670 fragor
619 632 807 669 tectorum,
846 636 940 670 quae
983 624 1229 667 diruebantur,
1266 623 1405 658 ultimis

141 672 242 708 urbis
283 673 446 718 partibus
485 672 713 717 audiebatur,
749 672 941 718 pulvisque
976 683 1022 706 ex
1056 671 1276 706 distantibus
1317 671 1405 705 locis

141 718 241 754 ortus
269 719 367 754 velut
397 719 493 755 nube
524 719 670 754 inducta
699 720 821 754 omnia
851 719 1081 764 impleverat,
1111 719 1240 764 raptim
1271 718 1406 763 quibus

142 767 296 813 quisque
324 773 463 812 poterat
492 767 624 812 elatis,²
651 778 734 801 cum
766 766 878 801 larem
906 778 949 800 ac
976 774 1130 812 penates
1158 773 1338 811 tectaque,
1369 765 1404 800 in

141 813 277 866 quibus
294 821 400 848 natus
417 814 573 860 quisque
591 814 841 859 educatusque
860 820 967 856 esset,
988 814 1236 859 relinquentes
1253 813 1402 858 exirent,

147 872 222 907 Jam
252 862 443 896 continens
468 873 601 907 agmen
628 862 864 906 migrantium
896 860 1112 906 impleverat
1140 861 1230 904 vias,
1259 867 1294 894 et
1322 871 1405 894 con-

142 916 291 954 spectus
331 908 485 943 aliorum
527 916 653 943 mutua
694 908 929 943 miseratione
981 909 1182 953 integrabat
1226 907 1404 942 lacrimas,

141 955 335 1001 Vocesque
361 956 474 990 etiarn
501 955 733 990 miserabiles
759 955 1060 995 exaudiebantur,
1083 955 1276 989 mulierum
1305 966 1405 1000 prae-

142 1004 261 1049 cipue,
290 1014 374 1038 cum
401 1003 549 1037 obsessa
575 1003 622 1038 ab
648 1003 798 1037 armatis
824 1002 961 1047 templa
987 1009 1141 1047 augusta
1169 1003 1406 1047 praeterirent

141 1061 186 1084 ac
203 1049 304 1084 velut
325 1056 452 1096 captos
479 1050 720 1095 relinquerent
747 1049 847 1083 deos.
901 1050 1066 1093 Egressis
1093 1049 1221 1083 urbem
1240 1049 1405 1094 Albanis,

142 1097 328 1131 Romanus
357 1098 490 1142 passim
522 1097 670 1142 publica
697 1097 911 1142 privataque
940 1097 1064 1130 omnia
1096 1103 1192 1130 tecta
1224 1096 1406 1141 adaequat

143 1143 229 1188 solo,
258 1155 402 1188 unaque
436 1144 523 1178 hora
552 1144 896 1189 quadringentorum
931 1154 1108 1177 annorum
1143 1154 1245 1188 opus,
1273 1143 1407 1188 quibus

143 1189 240 1224 Alba
258 1196 418 1234 steterat,
439 1190 580 1224 excidio
599 1202 642 1224 ac
662 1191 773 1224 ruinis
798 1190 913 1224 dedit.
964 1190 1131 1236 Templis
1149 1197 1274 1224 tamen
1291 1190 1405 1225 deum

143 1237 210 1284 (ita
227 1238 324 1271 enim
345 1237 507 1271 edictum
524 1237 571 1271 ab
591 1248 675 1281 rege
694 1237 828 1283 suerat)
847 1243 1092 1282 temperatum
1112 1244 1180 1271 est.

191 1286 247 1318 30.
275 1284 391 1318 Roma
411 1284 557 1319 interim
576 1284 705 1319 crescit
722 1284 840 1318 Albae
860 1284 984 1319 ruinis
1037 1284 1251 1330 Duplicatnr
1268 1284 1407 1319 civium

143 1342 329 1366 numerus.
381 1331 542 1366 Caelius³
569 1331 715 1366 additur
743 1331 823 1366 urbi
852 1343 980 1376 mons,
1015 1338 1051 1366 et
1081 1343 1152 1376 quo
1180 1331 1407 1376 frequentius

143 1377 379 1424 habitaretur,
411 1390 493 1412 earn
528 1378 654 1413 sedem
689 1378 819 1413 Tullus
852 1380 974 1423 regiae
1008 1379 1116 1425 capit,
1148 1379 1272 1424 ibique
1303 1378 1406 1413 habi-

143 1425 244 1460 tavit.
297 1425 486 1471 Principes
515 1425 738 1460 Albanorum
774 1425 810 1459 in
839 1426 974 1471 Patres,
1005 1432 1043 1460 ut
1073 1437 1118 1459 ea
1147 1436 1291 1471 quoqne
1321 1436 1407 1471 pars

143 1473 195 1506 rei
229 1472 398 1518 publicae
440 1478 630 1516 cresceret,
666 1473 765 1517 legit,
801 1472 966 1517 Tnllios,⁴
1008 1473 1188 1517 Servilios,
1224 1473 1404 1518 Quintios,

143 1519 338 1565 Geganios,
373 1519 558 1565 Curiatios,
594 1519 769 1565 Cloelios,
811 1520 1080 1565 templumque⁵
1119 1519 1235 1554 ordini
1277 1519 1324 1554 ab
1365 1530 1406 1553 se

185 1647 195 1665 ¹
215 1645 371 1678 Ultimum
394 1648 490 1682 illud,
514 1649 610 1677 ‘now
627 1645 678 1677 for
693 1646 748 1677 the
773 1645 833 1677 last
859 1646 962 1677 time.'
1010 1645 1048 1676 In
1071 1645 1127 1676 the
1153 1655 1244 1676 same
1269 1655 1407 1677 manner

142 1688 196 1718 hoc
208 1688 360 1727 primum,
383 1690 390 1702 ‘
405 1697 478 1717 now
495 1686 544 1717 sor
561 1686 616 1717 the
634 1686 705 1717 first
723 1686 830 1721 time‚‘
852 1687 934 1717 illud
951 1685 1049 1725 being
1066 1685 1146 1716 used
1164 1685 1196 1716 in
1213 1685 1268 1716 the
1285 1685 1406 1717 former

143 1737 219 1758 case
236 1727 379 1757 because
396 1726 588 1757 introduced
605 1727 637 1757 in
654 1737 672 1757 a
688 1727 850 1757 narrative
867 1726 904 1757 of
922 1733 994 1765 past
1011 1733 1139 1756 events.

183 1767 196 1785 ²
209 1761 294 1797 This
311 1766 338 1797 is
355 1777 373 1797 a
386 1766 576 1798 contracted
589 1767 826 1800 construction.
843 1766 879 1797 os
890 1777 908 1797 a
923 1777 993 1797 rare
1009 1765 1099 1801 kind,
1114 1765 1163 1796 sor
1180 1765 1296 1806 raptim
1311 1766 1404 1797 elatis

145 1807 200 1842 iis,
219 1817 301 1846 qnae
315 1808 452 1846 quisque
472 1813 597 1847 poterat
615 1808 731 1847 efferre.
779 1807 853 1837 The
877 1807 1036 1837 omission
1059 1805 1096 1837 of
1113 1805 1169 1836 the
1192 1805 1352 1836 infinitive
1376 1805 1404 1837 ie

144 1852 199 1877 not
218 1846 380 1884 unusual;
407 1847 462 1877 the
479 1847 644 1878 retention
661 1846 698 1877 of
716 1848 771 1877 the
789 1847 991 1877 nominative
1008 1847 1144 1886 quisque
1160 1846 1190 1876 in
1208 1857 1226 1877 a
1242 1846 1353 1876 clause
1371 1846 1404 1876 in

144 1886 200 1917 the
217 1886 360 1918 ablative
377 1887 528 1918 absolute
546 1887 572 1918 is
586 1887 676 1925 quite
694 1887 868 1926 according
891 1894 924 1917 to
947 1886 1016 1917 rule
1032 1899 1039 1917 :
1065 1886 1121 1917 the
1137 1885 1215 1924 only
1232 1886 1327 1924 thing
1343 1896 1402 1916 un-

144 1936 298 1957 comtnon
321 1927 361 1962 is,
387 1926 456 1957 that
480 1927 536 1958 the
559 1927 695 1958 relative
718 1938 799 1967 quae
821 1927 848 1958 is
872 1926 1032 1957 attracted
1056 1934 1090 1957 to
1113 1926 1169 1956 the
1193 1936 1268 1956 case
1291 1925 1329 1956 of
1347 1925 1403 1956 the

144 1966 284 2010 omitted
297 1965 555 1997 demonstrative
572 1977 720 2005 pronoun
737 1968 790 1998 iis.
836 1967 901 1997 We
919 1966 985 1997 find
1003 1967 1058 1997 the
1075 1977 1167 1997 same
1185 1965 1290 2004 thing,
1310 1965 1402 1996 how·

144 2016 234 2041 ever,
267 2016 300 2036 ln
330 2006 371 2036 iv.
402 2008 453 2042 39,
486 2008 599 2046 quibus
628 2013 751 2047 poterat
783 2008 907 2038 sauciis
936 2008 1041 2039 ductis
1072 2017 1186 2037 secum.
1235 2005 1402 2043 Compare

147 2045 280 2083 Zumpt,
300 2046 317 2079 ὦ
334 2048 404 2078 774.

185 2086 197 2103 ²³
211 2085 296 2116 This
309 2096 404 2116 name
421 2085 448 2116 is
461 2085 531 2116 also
545 2085 677 2116 written
694 2086 833 2121 Coelius.
849 2087 908 2117 but
921 2086 976 2117 the
991 2086 1132 2125 spelling
1145 2084 1225 2115 with
1239 2083 1294 2123 the
1308 2083 1401 2122 diph-

145 2125 250 2164 thong
263 2137 301 2156 ae
316 2125 343 2156 is
360 2127 468 2156 better
484 2126 743 2157 authenticated.

184 2166 196 2183 ⁴
210 2163 390 2205 Dionysius
407 2166 571 2196 mentions
588 2165 676 2196 Juliiv
691 2166 818 2197 instead
834 2166 872 2197 of
894 2166 1009 2202 Tulliz,
1025 2167 1083 2196 but
1102 2165 1186 2203 Livy
1197 2163 1256 2194 has
1269 2162 1403 2203 already

147 2203 253 2275 tchfzp.
272 2208 320 2241 16)
336 2205 463 2244 spoken
480 2205 517 2236 of
533 2216 553 2236 a
566 2205 727 2237 Proculus
744 2206 854 2238 Julius
867 2217 903 2238 as
916 2217 935 2237 a
947 2216 1024 2237 man
1039 2205 1076 2236 of
1093 2214 1185 2235 some
1202 2204 1402 2242 importance

147 2253 181 2275 m
230 2255 315 2276 orne.

188 2284 201 2303 ⁶
217 2288 224 2301 ⁶
237 2284 288 2316 He
305 2284 388 2317 built
411 2285 467 2317 the
493 2285 594 2318 Curia
615 2296 650 2318 as
667 2297 686 2318 a
701 2286 824 2326 temple
837 2287 858 2325 ;’
885 2287 1033 2327 templum
1056 2283 1211 2326 meaning
1232 2282 1403 2325 generally
