1539 2508
104 86 185 122 272
645 92 681 118 T.
711 92 824 118 Livii.

102 170 248 216 lapsum
282 179 391 213 super
424 171 534 213 caput
567 165 709 200 effudit.
775 165 925 200 Territis
956 165 1138 210 omnibus,
1171 164 1233 211 qui
1266 164 1364 200 circa

102 222 215 262 erant,
247 216 348 251 velut
377 214 481 248 foedo
507 213 628 247 omine
655 212 886 258 incipiendae
913 213 974 258 rei,
1002 213 1148 258 insuper
1172 212 1365 247 nunciatur

102 265 246 309 signum
278 263 377 297 omni
403 262 437 295 vi
464 261 636 295 moliente
666 259 839 303 signifero
872 260 1027 294 convelli
1060 259 1223 306 nequire.
1274 259 1364 294 Con-

101 322 230 346 versus
246 311 292 344 ad
313 309 485 344 nuncium
508 308 627 343 ‘Num
655 306 795 341 litteras
812 308 967 353 quoque'
996 307 1110 353 inquit
1138 306 1207 341 ‘ab
1235 311 1365 341 senatu

101 358 222 403 affers,
242 369 336 403 quae
364 368 422 390 me
450 367 525 390 rem
553 366 679 399 gerere
707 355 857 389 vetent?
909 355 989 400 Abi,
1017 354 1160 400 nuncia,
1188 353 1365 389 effodiant

102 406 257 451 signum,
278 405 304 438 si
324 405 370 438 ad
389 402 671 437 convellendum
696 413 830 436 manns
854 413 939 448 prae
966 408 1067 437 metu
1092 401 1362 447 obtorpuerint!

101 452 277 489 Incedere
312 451 397 486 inde
431 461 565 495 agmen
590 449 720 494 eoepit,
748 449 977 494 primoribus,
1005 450 1241 495 superquam¹
1266 447 1364 494 quod

100 500 345 535 dissenserant
372 509 394 531 a
417 497 577 542 consilio,
597 496 728 530 territis
753 497 864 531 etiam
890 496 1029 542 duplici
1056 495 1227 542 prodigio,
1246 495 1365 530 milite

101 549 135 583 in
155 547 299 591 vulgus*2
318 546 411 580 laeto
430 544 567 579 ferocia
592 543 707 589 ducis,
727 554 812 578 cum
838 555 943 590 spem
969 544 1086 589 magis
1111 543 1230 590 ipsam
1253 553 1366 589 quam

100 606 251 630 causam
271 593 349 639 spei
369 593 579 627 intueretur.

148 646 180 676 4.
210 640 400 685 Hannibal,
428 639 524 685 quod
551 638 626 682 agri
659 643 714 672 est
744 638 837 673 inter
865 639 1058 673 Cortonam
1090 637 1219 672 urbem
1246 636 1366 672 Trasi-

101 699 327 733 menumque
361 687 494 732 lacurn,
526 686 625 720 omni
658 685 762 720 clade
793 685 880 720 belli
913 690 1107 731 pervastat‚
1142 696 1213 731 quo
1247 685 1367 730 magis

101 735 193 771 iram
212 736 305 770 hosti
328 734 375 769 ad
402 733 642 768 vindicandas
668 734 848 768 sociorum
875 734 1023 779 injurias
1047 738 1166 767 acuat.
1218 732 1266 767 Et
1289 731 1368 777 Jam

101 788 341 829 pervenerant
368 781 413 816 ad
442 781 519 815 loca
545 787 631 815 nata
659 781 809 825 insidiis,
835 780 898 815 ubi
926 780 1089 815 maxime
1116 784 1260 814 montes
1285 779 1367 814 Cor-

103 837 276 865 tonenses
301 830 338 864 in
364 829 620 863 Trasimenum
647 827 798 862 sidunt.³
846 828 916 862 Via
943 833 1086 862 tantum
1111 827 1262 861 interest
1286 837 1365 872 per·

101 883 269 922 angusta,
289 877 388 911 velut
407 875 452 909 ad
473 875 509 909 id
527 875 649 921 ipsum
667 875 714 909 de
733 875 909 909 industria
928 874 1051 909 relicto
1069 874 1206 920 spati03
1232 872 1366 908 deinde

103 924 210 971 paulo
231 924 336 958 latior
361 923 516 969 patescit
542 934 719 967 campus3
746 922 832 956 inde
859 921 972 956 colles
997 921 1262 965 adinsurgunt.⁴
1310 920 1366 955 Ibi

103 979 223 1006 castra
241 972 276 1005 in
298 976 421 1017 aperto
441 970 544 1014 locat⁷
563 969 625 1004 ubi
652 969 729 1015 ipse
755 980 841 1003 cum
866 968 965 1003 Afris
989 967 1098 1003 modo
1124 967 1366 1013 Hispanisque

103 1018 320 1053 consideret.
382 1017 554 1051 Baleares
586 1022 822 1061 ceteramque
856 1015 978 1050 levem
1019 1021 1245 1050 armaturam
1286 1021 1367 1060 post

102 1073 246 1101 montes
271 1064 532 1106 circumducit3
559 1064 702 1109 equites
726 1064 773 1098 ad
800 1064 897 1109 ipsas
923 1062 1050 1097 fauces
1070 1062 1193 1107 saltus,
1213 1061 1367 1096 tumulis

103 1120 188 1159 apte
224 1112 440 1157 tegentibus,
476 1111 583 1155 locat,
619 1116 659 1145 ut
691 1110 754 1145 ubi
788 1110 982 1145 intrassent
1023 1109 1188 1156 Romani,
1223 1108 1367 1155 objecto

104 1160 270 1206 equitatu
288 1160 412 1194 clausa
431 1158 555 1193 omnia
572 1158 654 1192 lacu
673 1169 717 1192 ac
737 1157 925 1192 montibus
943 1163 1078 1191 essent.

153 1207 356 1241 Flaminius
381 1218 465 1241 curn
492 1205 608 1251 pridie
635 1205 720 1239 solis
745 1216 879 1239 occasu
905 1205 950 1239 ad
977 1204 1099 1239 lacum
1126 1203 1366 1250 pervenisset,

105 1253 327 1300 inexplorato
361 1259 503 1299 postero
538 1253 609 1298 die,
637 1251 789 1286 vixdum
823 1252 913 1286 satis
945 1257 1046 1286 certa
1071 1251 1165 1297 luce,
1192 1251 1370 1296 angustiis

105 1302 294 1347 superatis,
322 1307 517 1346 postquam
543 1300 578 1334 in
605 1300 844 1345 patentiorem
879 1310 1053 1344 campum
1088 1297 1199 1344 pandi
1232 1310 1364 1343 agmen

105 1348 235 1394 coepit,
256 1349 288 1382 id
317 1353 460 1382 tantum
486 1347 655 1390 hostium,
676 1345 770 1390 quod
798 1357 844 1380 ex
869 1346 1021 1380 adverso
1048 1351 1134 1391 erat,
1158 1346 1367 1391 conspexit:

105 1395 153 1430 ab
171 1402 272 1440 tergo
297 1406 341 1429 ac
367 1405 475 1440 super
500 1399 609 1438 caput
627 1392 808 1438 decepere
837 1393 1018 1427 insidiae.⁵
1067 1392 1212 1426 Poenus
1236 1391 1311 1436 ubi,
1332 1391 1369 1426 id

106 1442 202 1488 quod
236 1442 401 1488 petierat,
429 1440 597 1475 clausum
630 1439 711 1474 lacu
747 1451 790 1474 ac
822 1439 1009 1474 montibus
1041 1444 1077 1473 et
1104 1438 1370 1473 circumfusum

106 1490 183 1524 suis
208 1489 323 1535 copiis
348 1488 477 1522 habuit
502 1487 657 1532 hostem,
685 1487 828 1532 signum
854 1487 1026 1521 omnibus
1050 1485 1112 1521 dat
1138 1486 1246 1521 simul
1270 1486 1370 1520 inva-

105 1536 228 1571 dendi.
279 1536 348 1574 Qui
374 1535 449 1580 ubi,
479 1545 552 1580 qua
579 1535 711 1580 cuique
739 1534 945 1580 proximum
972 1533 1051 1580 fuit,
1071 1533 1368 1577 decucurrerunt,

107 1595 150 1618 eo
183 1583 304 1628 magis
338 1582 510 1618 Romanis
542 1582 662 1616 subita
694 1587 806 1627 atque
839 1582 1038 1627 improvisa
1072 1592 1131 1616 res
1160 1581 1240 1627 fuit,
1274 1580 1371 1627 quod

148 1698 157 1714 ¹
172 1695 372 1734 Equivalent
391 1702 424 1725 to
468 1701 676 1734 raeterquam.

147 1736 183 1782 ²⁸⁴
199 1735 411 1775 Commonly,
431 1707 480 1766 tgr
496 1735 552 1766 the
566 1745 668 1770 mass,
687 1733 736 1766 for
758 1733 816 1766 the
839 1740 926 1766 most
949 1739 1020 1774 part
1033 1734 1055 1772 3'
1081 1733 1262 1774 analogous
1284 1739 1319 1765 to
1337 1737 1372 1766 in

108 1787 307 1808 uni-versum.

147 1816 160 1834 ³
175 1819 182 1832 ‘
197 1815 271 1846 The
288 1815 365 1846 hills
381 1814 418 1846 of
431 1815 577 1846 Cortona
592 1814 669 1846 sink
685 1814 783 1846 down
799 1821 834 1845 to
850 1815 906 1845 the
922 1814 1023 1845 lake.’
1063 1813 1138 1845 The
1152 1824 1250 1845 scene
1266 1813 1304 1845 of
1315 1813 1371 1845 the

107 1855 211 1887 battle
228 1856 255 1886 is
272 1865 314 1886 on
330 1855 385 1886 the
402 1855 559 1886 northern
575 1855 665 1885 bank
680 1854 718 1885 of
728 1855 784 1886 the
801 1855 889 1891 lake,
905 1855 1016 1885 where
1033 1864 1109 1885 now
1124 1854 1182 1885 the
1198 1854 1276 1885 road
1291 1864 1371 1885 runs

107 1895 192 1927 from
222 1895 368 1926 Cortona
394 1902 427 1925 to
456 1896 585 1925 Arezzo
610 1895 816 1930 (Arretium).
863 1896 976 1926 About
1001 1894 1163 1934 half-way
1185 1894 1283 1934 along
1305 1894 1371 1925 this

107 1935 198 1971 road,
219 1945 296 1965 near
311 1934 366 1964 the
383 1935 520 1965 modern
538 1935 755 1974 Passignano,
775 1935 873 1966 stand
889 1935 945 1966 the
967 1934 1044 1966 hills
1068 1934 1180 1966 where
1204 1934 1372 1966 Hannibal

108 1975 241 2015 pitched
269 1975 320 2005 his
344 1985 448 2012 camp.
494 1975 533 2005 In
557 1975 653 2005 order
676 1981 709 2005 to
734 1975 833 2006 reach
862 1975 1019 2011 Cortona,
1046 1975 1110 2006 and
1132 1982 1166 2005 to
1193 1975 1291 2006 make
1314 1975 1371 2005 the

109 2015 223 2047 attack
238 2014 321 2045 from
338 2014 407 2044 that
425 2014 526 2052 point,
547 2015 602 2045 the
621 2014 770 2045 Romans
786 2015 921 2046 entered
938 2015 995 2046 the
1018 2014 1115 2046 defile
1138 2016 1293 2046 between
1315 2014 1372 2045 the

107 2054 186 2086 hills
205 2054 268 2086 and
291 2055 346 2085 the
370 2053 458 2089 lake,
482 2054 621 2085 without
646 2055 825 2094 observing
847 2055 904 2086 the
927 2055 1047 2086 hostile
1071 2062 1183 2094 troops
1206 2055 1372 2086 stationed

109 2095 232 2127 behind
245 2095 301 2125 the
318 2101 447 2125 nearest
464 2093 541 2124 hills
557 2104 599 2124 on
614 2094 700 2125 their
716 2094 784 2126 left.

151 2136 162 2153 ⁴
179 2135 242 2165 We
260 2135 355 2171 have,
375 2134 407 2164 iu
423 2133 622 2164 accordance
639 2134 719 2165 with
737 2135 792 2165 the
815 2135 1049 2173 manuscripts,
1068 2134 1260 2166 introduced
1276 2135 1370 2165 adin-

110 2181 265 2215 surgunt,
279 2174 407 2205 instead
421 2173 456 2204 of
465 2173 521 2203 the
534 2173 685 2212 ordinary
697 2181 891 2215 assurgunt.
925 2175 1150 2215 Adinsurgere
1162 2175 1189 2206 is
1202 2185 1219 2205 a
1231 2174 1369 2214 doubly-

111 2214 340 2253 compounded
356 2215 447 2249 verb,
469 2213 534 2244 like
551 2215 733 2253 adimplere,
753 2215 942 2254 containing
958 2215 1014 2245 the
1031 2214 1105 2246 idea
1119 2214 1157 2246 of
1167 2214 1323 2245 addition.
1369 2237 1373 2240 -

151 2257 164 2274 ⁵
179 2259 186 2271 ⁴
200 2255 274 2286 The
297 2254 438 2286 ambush
455 2253 596 2291 escaped
618 2253 685 2284 him
699 2254 720 2289 ;'
747 2256 898 2295 decipere,
918 2255 985 2287 like
998 2255 1134 2295 fallere,
1152 2265 1268 2286 means
1290 2253 1372 2286 both

110 2297 118 2311 ‘
134 2301 168 2326 to
184 2294 346 2332 deceive,'
367 2294 432 2325 aud
450 2297 502 2325 ‘to
519 2303 637 2332 escape
653 2294 709 2324 the
726 2295 833 2326 notice
850 2295 904 2326 of.’
