1523 2524
650 122 775 150 nisan
803 126 908 153 xxu.
1333 129 1413 165 287

141 200 240 237 quae
266 190 354 226 urbs
375 191 551 228 Vulturno
579 195 730 232 flumine
756 198 937 248 dirempta
965 203 1162 242 Falernum
1188 220 1231 244 ac
1258 211 1411 259 Campa-

141 248 231 273 num
264 240 382 284 agros¹
417 239 561 276 dividit.
613 243 696 290 Ipse
731 245 829 292 jugis
863 250 994 286 iisdem
1023 255 1225 292 exercitum
1255 259 1409 307 reducit,

141 285 254 320 misso
279 286 507 333 exploratum
534 301 618 325 cum
648 293 924 341 quadringentis
950 300 1137 345 equitibus
1162 305 1344 341 sociorum
1371 308 1409 343 L.

142 331 296 368 Hostilio
337 335 523 370 Mancino.
591 338 686 377 Qui2
727 352 773 376 ex
816 345 919 380 turba
959 346 1137 393 juvenum
1179 352 1410 390 audientium

141 391 253 426 saepe
272 380 440 417 ferociter
466 385 735 422 contionantem
766 393 979 437 magistrum
1000 397 1177 445 equitum⁷
1198 411 1411 446 progressus

140 427 256 472 primo
289 429 526 475 exploratoris
559 433 667 468 modo
701 442 739 470 ut
774 449 819 473 ex
854 447 931 476 tuto
965 445 1219 488 specularetur
1252 447 1407 494 hostem,

140 474 203 509 ubi
229 487 342 521 vagos
368 479 502 522 passim
532 492 596 525 per
623 483 721 517 vicos
747 485 930 523 Numidas
955 491 1056 536 vidit,
1085 504 1149 538 per
1175 495 1408 532 occasionem

139 521 252 558 etiam
281 535 415 570 paucos
440 527 585 574 occidit,
605 533 790 578 extemplo
816 545 1016 582 occupatus
1038 550 1239 576 certamine
1259 551 1312 578 est
1330 545 1406 579 ani·

140 581 232 616 mus,
260 571 548 620 excideruntque
577 587 772 624 praecepta
797 581 995 627 dictatoris,
1024 588 1096 633 qui,
1124 597 1301 634 quantum
1330 598 1407 626 tuto

138 623 272 665 posset,
292 623 539 665 progressum³
556 625 654 669 prius
675 628 838 674 recipere
857 643 940 672 sese
964 633 1119 679 jusserat
1138 648 1248 682 quam
1269 638 1306 673 in
1323 651 1406 674 con-

138 672 306 711 spectum
342 666 501 704 hostium
536 673 687 707 veniret.
739 676 925 713 Numidae
959 681 1021 715 alii
1055 689 1165 728 atque
1195 685 1255 719 alii
1282 697 1405 721 occur-

137 719 262 749 santes
290 714 586 764 refugientesque
611 721 658 755 ad
680 730 798 758 castra
817 737 927 772 prope
947 728 1066 774 ipsum
1086 742 1170 766 cum
1191 732 1405 779 fatigatione

136 771 312 806 equorum
342 771 452 809 atque
477 764 667 802 hominum
695 772 917 815 pertrahere.
969 776 1058 811 Inde
1085 778 1262 825 Carthalo,
1291 793 1406 827 penes

136 819 249 854 quem
267 821 414 846 summa
431 815 611 858 equestris
629 815 771 862 imperii
791 828 878 867 erat,
895 824 1085 859 concitatis
1102 828 1206 872 equis
1224 828 1401 871 invectus,

135 866 221 890 cum
247 858 459 904 priusquam
485 861 528 894 ad
558 863 767 908 conjectum
795 868 856 902 teli
884 871 1022 905 veniret
1048 875 1240 909 avertisset
1267 876 1401 923 hostes,

133 903 297 950 quinque
324 905 442 940 ferme
467 907 570 942 milia
595 912 795 948 continenti
821 927 927 951 cursu
954 927 1103 954 secutus
1128 928 1181 956 est
1207 922 1400 968 fugientes.

132 949 333 988 Mancinus
374 960 565 1000 postquam
600 968 669 992 nec
695 959 838 997 hostem
864 965 1043 1000 desistere
1069 970 1173 1014 sequi
1201 982 1270 1005 nec
1297 983 1401 1018 spem

131 997 224 1032 vidit
249 999 450 1046 effugiendi
471 1013 564 1048 esse,
585 1005 792 1042 cohortatus
810 1022 894 1045 suos
914 1013 946 1047 in
967 1015 1145 1059 proelium
1165 1018 1280 1063 rediit,
1301 1020 1400 1054 omni

130 1051 233 1090 parte
252 1047 384 1083 virium
413 1050 556 1095 impar.⁴
608 1053 734 1100 Itaque
755 1057 830 1101 ipse
849 1066 884 1093 et
903 1060 1039 1096 delecti
1058 1065 1222 1108 equitum
1243 1067 1398 1102 circum-

130 1093 229 1127 venti
255 1095 490 1142 occidunturg
525 1103 636 1134 ceteri
665 1102 781 1137 effuso
813 1116 933 1140 rursus
959 1120 1063 1143 cursu
1093 1111 1199 1145 Cales
1225 1113 1396 1160 primum,

129 1138 216 1174 inde
234 1151 344 1188 prope
363 1143 472 1179 inviis
490 1146 646 1182 callibus
662 1149 708 1183 ad
727 1150 943 1188 dictatorem
964 1155 1213 1201 perfugerunt.

179 1187 231 1222 Eo
265 1188 361 1224 sorte'
382 1191 443 1226 die
476 1192 666 1229 Minucius
699 1208 740 1230 se
773 1200 1009 1245 conjunxerat
1037 1203 1158 1249 Fabio,
1188 1206 1323 1242 missus
1347 1209 1396 1245 ad

129 1234 350 1272 firmandum
378 1240 559 1284 praesidio
585 1242 730 1288 saltum,
750 1246 812 1290 qui
841 1259 948 1293 super
975 1250 1210 1288 Tarracinam
1236 1254 1270 1289 in
1298 1263 1396 1292 artas

128 1289 277 1318 coactus
302 1283 431 1321 fauces
457 1287 623 1323 imminet
644 1291 745 1337 mari,
767 1304 812 1327 ne
830 1294 877 1329 ab
896 1295 1068 1332 Sinuessa
1088 1299 1233 1335 Poenus
1250 1304 1394 1349 Appiae

127 1328 260 1364 limite⁵
292 1334 482 1377 pervenire
519 1336 553 1370 in
595 1348 723 1382 agrum
757 1340 960 1378 Romanum
996 1353 1131 1391 posset.
1183 1348 1394 1395 conjunctis

128 1378 351 1414 exercitibus
375 1379 530 1416 dictator
554 1395 598 1418 ac
624 1386 801 1431 magister
826 1391 990 1435 equitum
1017 1400 1136 1428 castra
1158 1395 1193 1429 in
1212 1397 1308 1432 viam
1329 1399 1392 1433 de-

127 1423 259 1471 ferunt,
279 1438 351 1473 qua
376 1428 558 1465 Hannibal
585 1431 759 1469 ducturus
785 1443 871 1471 erat.
924 1439 1003 1474 Duo
1029 1441 1116 1476 inde
1141 1443 1242 1478 milia
1267 1444 1393 1482 hostes

125 1471 288 1508 aberant.

178 1523 230 1555 16.
267 1522 413 1557 Postero
440 1524 500 1559 die
527 1525 649 1572 Poeni,
677 1529 773 1574 quod
802 1531 881 1566 viae
908 1532 1003 1568 inter
1027 1534 1114 1570 bina
1139 1544 1266 1573 rastra
1299 1547 1388 1587 erat,

124 1568 274 1612 agmine
308 1571 552 1616 complevere.
605 1574 696 1610 Cum
732 1577 885 1613 Romani
921 1580 988 1615 sub
1023 1583 1098 1627 ipso
1141 1587 1390 1623 constitissent

125 1615 230 1661 vallo,
251 1615 348 1652 haud
366 1618 475 1653 dubie
494 1622 665 1666 aequiore
683 1623 786 1667 loeo}
804 1629 981 1662 suc-cessit
1000 1635 1122 1665 tamen
1142 1632 1286 1668 Poenus
1303 1647 1389 1671 cum

166 1689 218 1728 ¹‚It
243 1690 349 1730 might
373 1692 444 1723 also
467 1693 550 1725 have
575 1696 658 1727 been
681 1710 808 1737 agrum,
830 1701 885 1731 but
911 1703 966 1732 the
990 1703 1094 1741 plural
1118 1705 1145 1736 is
1170 1707 1251 1738 used
1274 1708 1305 1739 in
1331 1710 1386 1741 the

123 1739 214 1761 same
232 1741 368 1763 manner
391 1743 426 1763 as
450 1734 482 1765 in
505 1735 562 1766 the
585 1747 660 1767 case
678 1738 716 1768 of
733 1747 800 1771 two
823 1751 959 1778 persons
983 1743 1059 1774 who
1082 1744 1165 1776 have
1189 1757 1209 1778 a
1231 1759 1386 1782 common

122 1781 298 1809 surname;
323 1771 373 1804 for
397 1775 561 1814 example,
590 1776 629 1807 P.
654 1784 682 1808 et
709 1779 772 1810 Gn.
799 1780 973 1821 Scipiones.
1019 1783 1084 1816 We
1109 1785 1175 1818 find
1199 1787 1255 1819 the
1279 1789 1386 1828 plural

122 1809 193 1842 also
223 1812 305 1843 with
336 1813 432 1844 other
462 1826 615 1847 common
646 1820 894 1859 substantives3
931 1823 980 1855 for
1009 1827 1174 1865 example,
1207 1829 1298 1861 xxiii.
1329 1834 1380 1869 33,

121 1852 262 1884 vitantes
281 1860 396 1893 portus
418 1855 662 1889 Brundisinum
683 1859 967 1902 Tarentinumque.
1013 1865 1088 1897 The
1111 1867 1270 1907 singular,
1289 1870 1381 1902 how-

119 1901 209 1928 ever,
223 1892 256 1923 in
271 1894 354 1925 such
368 1905 462 1927 cases
479 1897 507 1928 is
522 1906 577 1928 not
595 1898 673 1938 only
690 1900 876 1939 allowable,
890 1905 946 1935 but
960 1905 999 1936 of
1008 1905 1157 1945 frequent
1172 1919 1380 1944 occurrence.

158 1931 171 1949 ²
189 1931 256 1972 Qui
278 1933 305 1964 is
328 1934 441 1967 drawn
465 1943 498 1967 to
522 1937 576 1969 the
600 1938 843 1973 fore-sentence
866 1943 973 1981 alone,
993 1957 1030 1977 so
1053 1947 1123 1979 that
1147 1949 1178 1979 in
1203 1950 1258 1981 the
1281 1952 1379 1984 aster·

118 1974 269 2004 member
286 1985 334 2004 we
352 1984 438 2007 must
456 1978 577 2016 supply
594 1980 663 2018 ejus
679 1993 689 2010 .·
721 1986 728 1996 ⁴
742 1982 804 2012 and
822 1983 918 2015 when
935 1985 975 2017 he
992 1997 1074 2023 saw,
1093 1989 1156 2020 and
1173 2000 1269 2027 even,
1286 2002 1323 2023 as
1338 2003 1381 2024 an

117 2013 331 2052 opportunity
353 2015 488 2052 offered,
508 2018 622 2054 killed,
643 2031 660 2050 a
683 2020 747 2051 few
767 2022 980 2062 Numidians,
1000 2026 1050 2058 his
1067 2029 1157 2060 mind
1175 2041 1244 2062 was
1260 2031 1377 2063 imme-

116 2051 239 2091 diately
256 2052 346 2086 filled
363 2056 444 2087 with
462 2058 621 2098 thoughts
639 2065 832 2101 (occupatus)
849 2065 887 2095 of
903 2076 921 2096 a
939 2067 1066 2098 battle.‘
1114 2069 1249 2108 Zumpt,
1269 2071 1287 2105 ᾗ
1303 2074 1376 2105 804.

155 2093 168 2110 ³
185 2097 192 2109 ‘
205 2093 305 2125 After
320 2095 443 2136 having
458 2097 625 2130 advauced
643 2111 679 2131 as
696 2100 744 2132 sar
759 2113 795 2133 as
812 2103 852 2135 he
869 2105 965 2138 could
983 2108 1062 2139 with
1080 2109 1211 2149 safety.'

154 2134 167 2151 ⁴
183 2137 190 2149 ‘
202 2132 241 2164 In
265 2145 365 2174 every
381 2146 511 2175 respect
535 2138 668 2171 inferior
689 2141 720 2172 in
738 2145 888 2184 strength
902 2146 923 2177 :'
950 2149 1113 2188 properly,
1134 2162 1170 2180 ez·
1184 2152 1272 2183 omni
1283 2159 1376 2192 parte

113 2174 237 2205 viribus
260 2175 375 2216 impar,
394 2176 444 2208 for
465 2180 552 2209 omni
569 2187 664 2219 parte
686 2183 806 2214 virium
828 2194 946 2218 cannot
973 2198 1068 2220 mean
1093 2190 1170 2221 here
1197 2191 1250 2222 ‘in
1272 2202 1372 2234 every

112 2212 193 2244 kind
208 2213 247 2245 of
256 2217 394 2254 troops,’
412 2217 503 2249 since
521 2218 698 2252 Mancinus
715 2222 778 2254 had
794 2225 873 2264 only
888 2228 1032 2268 cavalry.

151 2255 164 2273 ⁵
180 2253 252 2294 ‘By
274 2265 293 2286 a
315 2257 386 2288 side
408 2268 445 2288 or
468 2259 609 2297 by-road
631 2264 812 2296 connected
837 2267 917 2298 with
943 2268 997 2299 the
1021 2271 1073 2300 via
1090 2270 1225 2315 Appia‚’
1244 2271 1294 2306 for
1315 2273 1372 2307 the

111 2295 165 2353 vig
180 2305 298 2366 pfoper
313 2297 432 2369 passpd
450 2298 549 2372 throrss
571 2300 592 2331 h
609 2301 770 2357 th0.t.⁰W¹‚¹
786 2305 824 2336 of
843 2306 1024 2340 Tarracina
1040 2310 1140 2342 itselt.

179 2339 186 2352 ‘
218 2345 238 2366 n
253 2346 272 2367 a
288 2347 378 2368 more
405 2348 527 2370 avoura
564 2351 583 2371 e
599 2350 752 2380 posttton.
