1539 2508
166 115 244 150 210
709 119 745 144 T.
775 117 887 143 mvn.

165 198 350 244 Hispania,
385 194 531 230 ducenti
571 193 723 239 equites,
760 198 795 225 et
837 201 883 225 ne
924 189 1020 235 quod
1063 186 1241 222 terrestris
1275 185 1422 220 deesset

164 245 287 280 auxilii
306 254 431 289 genuS,
452 241 636 286 elephanti
655 239 783 285 viginti
809 249 912 272 unus.
964 235 1098 271 Classis
1124 239 1312 280 praeterea
1337 231 1422 266 data

164 292 209 326 ad
244 291 416 326 tuendam
452 288 672 323 maritimam
703 298 814 330 oram,
849 285 936 330 quia
969 295 1040 329 qua
1069 288 1169 328 parte
1197 279 1294 316 belli¹
1323 280 1422 314 vice-

167 345 254 383 rant,
284 350 327 371 ea
357 344 433 370 tum
467 347 610 381 quoque
639 346 714 368 rem
743 340 909 378 gesturos
936 331 1116 365 Romanos
1141 327 1240 363 credi
1269 331 1420 373 poterat,

164 384 426 432 qninquaginta
444 382 737 428 quinqueremes,
757 379 1006 425 quadriremes
1023 376 1128 422 duae,
1144 375 1308 410 triremes
1319 373 1422 420 quin-

165 444 259 478 que3
287 431 351 466 sed
370 436 477 475 aptae
497 430 764 473 instructaeque
784 425 950 470 remigio²
968 422 1114 469 triginta
1139 429 1175 457 et
1199 422 1294 456 duae
1319 421 1421 467 quin-

165 490 359 526 queremes
377 483 477 510 erant
497 481 531 509 et
550 477 717 509 triremes
735 474 904 519 quinque.

213 526 272 560 Ab
305 524 468 559 Gadibus
502 523 758 567 Carthaginem
791 520 837 554 ad
880 519 1034 554 hiberna
1074 516 1256 552 exercitus
1292 513 1423 556 rediit3

165 579 274 618 atque
305 572 386 606 inde
416 570 599 616 profectus
627 575 770 615 praeter
805 567 1007 602 Etovissam
1039 564 1166 599 urbem
1196 562 1242 597 ad
1276 561 1423 596 Iberum

166 621 462 663 maritimamque
481 628 580 651 oram
599 617 710 650 ducit.
762 615 816 649 Ibi
843 613 942 648 fama
968 617 1023 646 est
1046 612 1081 646 in
1099 611 1220 656 quiete
1237 609 1356 643 visum
1375 607 1423 641 ab

166 679 209 701 eo
234 667 407 712 juvenem
434 665 558 698 divina
585 664 719 709 specie,
746 664 806 708 qui
833 673 871 695 se
898 660 944 694 ab
969 660 1060 694 Jove
1077 658 1217 693 diceret
1234 655 1369 690 ducem
1386 654 1424 688 in

167 714 309 748 Italiam
325 711 519 747 Hannibali
535 711 685 745 missum
699 721 704 744 :
733 708 884 755 proinde
898 712 1120 752 sequeretur,
1135 714 1254 750 neque
1268 713 1423 748 usquam

166 773 187 795 a
214 774 252 795 se
278 761 492 795 deflecteret
517 757 651 792 oculos.
704 756 883 791 Pavidum
909 755 1036 800 primo,
1063 763 1242 798 nusquam
1270 750 1423 784 circum—

167 809 383 854 spicientem
410 812 471 840 aut
497 805 765 850 respicientem,
786 808 975 846 secutum,
1001 799 1135 834 deinde
1161 809 1248 833 cura
1272 795 1424 831 humani

168 855 311 900 ingenii,
331 865 413 888 cum
435 852 608 898 quidnam
638 852 673 885 id
701 857 807 894 esset,
827 848 924 895 quod
951 848 1131 892 respicere
1157 845 1291 879 vetitus
1315 847 1421 886 esset,

166 903 318 947 agitaret
336 901 468 944 animo,
488 906 692 943 temperare
711 897 824 931 oculis
841 895 1070 940 nequivisse,
1098 899 1175 927 tum
1194 891 1327 925 vidisse
1345 895 1425 935 post

168 960 248 983 sese
277 953 485 993 serpentem
514 946 606 980 mira
635 944 886 989 magnitudine
913 953 997 975 cum
1023 939 1162 984 ingenti
1187 938 1355 972 arborum
1380 947 1426 970 ac

168 995 404 1040 virgultorum
433 1000 551 1037 strage
581 992 677 1026 ferri³
705 1003 748 1025 ac
775 997 854 1036 post
882 987 1024 1034 insequi
1049 998 1134 1021 curn
1162 985 1302 1030 fragore
1331 983 1426 1018 coeli

169 1043 343 1077 nimbum.
396 1042 492 1075 Tum
519 1050 613 1085 quae
640 1039 757 1073 moles
782 1049 825 1071 ea
851 1036 985 1082 quidve
1011 1033 1165 1080 prodigii
1191 1037 1288 1066 esset
1313 1041 1424 1076 quae-

169 1096 310 1124 rentem
337 1087 494 1132 audisse,
522 1087 732 1120 vastitatem
758 1084 883 1119 Italiae
910 1093 1011 1117 esse:
1042 1085 1208 1127 pergeret
1234 1088 1335 1126 porro
1361 1077 1424 1119 ire,

170 1148 238 1171 nec
256 1137 349 1171 ultra
367 1135 573 1180 inquireret,
594 1133 802 1177 sineretque
821 1130 896 1165 fata
913 1131 946 1164 in
966 1128 1107 1163 occulto
1126 1138 1219 1161 esse.

219 1187 274 1217 23.
309 1183 386 1217 Hoc
427 1181 508 1216 visu
549 1180 667 1214 laetus
708 1178 882 1225 tripartito
915 1177 1064 1211 Iberum
1095 1174 1219 1220 copias
1259 1171 1429 1217 trajecit,⁴

169 1230 392 1276 praemissis⁵
410 1228 471 1274 qui
496 1228 683 1262 Gallorum
709 1226 862 1270 animos,
883 1235 955 1270 qua
980 1220 1224 1257 traducendus
1247 1219 1429 1254 exercitus

170 1283 258 1323 erat,
289 1277 392 1311 donis
424 1275 658 1309 conciliarent
691 1273 915 1318 Alpiumque
943 1269 1115 1305 transitus
1142 1266 1427 1313 specularentur.

170 1324 377 1369 Nonaginta
403 1322 506 1356 milia
535 1320 713 1366 peditum,
743 1318 936 1353 duodecim
962 1317 1064 1351 milia
1090 1316 1255 1361 equitum
1280 1312 1429 1348 Iberum

171 1371 340 1405 traduxit.
391 1369 567 1413 Ilergetes
584 1367 666 1401 inde
685 1366 949 1410 Bargusiosque
968 1371 1004 1397 et
1025 1365 1230 1398 Ausetanos
1254 1368 1291 1394 et
1315 1359 1429 1393 Lace-

171 1417 334 1458 taniam?
367 1426 462 1461 quae
496 1414 661 1460 subjecta
698 1412 896 1458 Pyrenaeis
936 1409 1120 1445 montibus
1162 1413 1227 1453 est,
1263 1406 1429 1451 subegit;

171 1475 328 1509 oraeque
366 1463 451 1497 huic
487 1462 584 1496 omni
619 1460 794 1506 praefecit
831 1459 1056 1502 Hannonem,
1091 1461 1130 1490 ut
1162 1454 1300 1499 fauces,
1334 1463 1429 1498 quae

170 1511 365 1556 Hispanias
382 1508 509 1543 Galliis
524 1508 690 1553 jungunt,
710 1507 746 1540 in
768 1510 951 1552 potestate
979 1507 1112 1538 essent.
1163 1502 1302 1536 Decem
1327 1499 1430 1534 milia.

171 1558 337 1604 peditum
371 1556 538 1590 Hannoni
570 1555 616 1589 ad
646 1554 869 1600 praesidium
897 1549 1119 1586 obtinendae
1147 1547 1304 1593 regionis
1331 1546 1428 1591 data,

171 1611 207 1639 et
229 1604 329 1639 mille
356 1603 510 1649 equites.
561 1603 759 1647 Postquam
783 1611 848 1646 per
874 1599 1104 1645 Pyrenaeum
1130 1595 1265 1631 saltum
1289 1592 1431 1628 traduci

179 1659 1425 1686 -ῌ-ᾲ--ῤ-ᾲ-ρ-ὲᾴῌ

212 1727 220 1744 ¹
238 1726 301 1756 See
317 1724 374 1755 the
390 1732 481 1754 same
498 1721 691 1760 expression
707 1720 740 1751 in
756 1719 849 1758 chap.
869 1721 917 1750 17.
961 1717 1037 1748 The
1054 1716 1203 1748 Romans
1224 1714 1289 1746 had
1310 1712 1431 1753 gained

172 1766 228 1797 the
245 1765 388 1796 decisive
405 1764 533 1800 victory
549 1762 580 1792 in
598 1761 653 1792 the
669 1760 741 1791 first
760 1759 865 1790 Punic
881 1768 949 1789 war
961 1758 1005 1796 by
1022 1767 1136 1788 means
1151 1755 1190 1786 of
1200 1755 1284 1786 their
1299 1754 1388 1785 fleet.

212 1807 224 1824 ²
238 1804 435 1843 Equivalent
453 1809 486 1833 to
503 1803 685 1841 remigibus.
732 1800 795 1831 See
810 1799 945 1837 Zumpt,
964 1797 982 1830 ᾧ
1001 1799 1073 1829 675.
1118 1795 1215 1826 Thus
1230 1794 1308 1833 only
1324 1804 1343 1824 a
1358 1800 1430 1832 part

173 1846 210 1877 of
225 1846 281 1876 the
305 1845 396 1883 ships
419 1842 455 1874 of
473 1852 541 1872 war
564 1840 621 1872 left
645 1847 678 1872 to
701 1839 892 1872 Hasdrubal
914 1848 982 1869 was
1005 1835 1149 1868 manned
1171 1834 1235 1866 and
1255 1833 1351 1865 fitted
1372 1838 1431 1864 out

174 1890 387 1956 (agtfzffsoved
403 1922 525 1961 along‚'
545 1920 581 1951 of
592 1932 611 1952 a
625 1920 748 1952 violent
765 1920 901 1951 motion.
1219 1954 1224 1959 Ι
1249 1953 1256 1959 .

215 1968 226 1985 ⁴
240 1967 290 1996 As
307 1972 340 1995 to
356 1964 411 1994 the
428 1963 512 1993 form
527 1960 564 1991 of
576 1961 631 1992 the
645 1961 766 1992 adverb
783 1960 960 1999 tripartito,
983 1961 991 1975 ⁴
1003 1958 1036 1988 in
1051 1956 1144 1987 three
1160 1953 1347 1990 div1s1ons,’
1372 1962 1430 1984 see

178 2007 288 2038 Gram.
307 2005 324 2037 ᾗ
341 2006 412 2039 219,
431 2005 466 2039 b;
492 2001 555 2032 and
572 2012 607 2032 as
623 2008 656 2031 to
679 2001 735 2031 the
759 2000 880 2032 double
903 1997 1091 2031 accusative
1114 1994 1196 2027 after
1217 1995 1316 2025 verbs
1339 2003 1428 2024 com-

175 2045 327 2086 pounded
343 2044 423 2075 with
440 2049 545 2076 τναηε,
565 2052 621 2072 see
641 2041 749 2072 Gram.
767 2041 784 2074 ᾗ
802 2043 872 2071 251.

215 2089 226 2105 ⁵
240 2086 318 2117 Scil.
336 2086 388 2119 iis,
408 2083 517 2114 which
540 2089 629 2113 must
653 2082 693 2111 be
716 2080 868 2120 supplied
890 2085 946 2110 out
969 2078 1007 2109 of
1023 2077 1080 2108 the
1101 2074 1272 2113 following
1293 2072 1430 2104 relative

176 2126 298 2157 clause.
343 2125 428 2155 This
451 2124 478 2155 is
502 2135 521 2155 a
542 2133 621 2161 very
638 2132 790 2153 common
813 2119 1056 2154 constructi0n;
1082 2127 1130 2152 as,
1148 2115 1197 2146 for
1219 2115 1379 2148 instance,
1398 2112 1432 2142 in

177 2167 232 2199 the
246 2165 402 2205 singular,
419 2166 593 2205 praemisso
609 2164 665 2202 qui
679 2163 816 2193 hostium
830 2162 1003 2191 adventum
1018 2158 1247 2198 specularetur,
1265 2164 1313 2189 or,
1329 2153 1363 2183 in
1374 2151 1432 2183 the

178 2207 294 2247 plural,
327 2205 513 2246 praemissis
544 2205 601 2243 qui
636 2204 889 2242 specularentur.
947 2198 1110 2236 Compare
1141 2195 1275 2233 Zumpt,
1307 2193 1326 2226 ᾗ
1355 2194 1428 2229 765,

177 2255 318 2318 no‘J'aI-'he
335 2285 426 2317 chief
436 2292 525 2315 town
542 2282 579 2314 of
590 2282 645 2312 the
664 2280 822 2312 Lacetani
838 2290 907 2310 was
924 2277 1066 2309 Solsona
1086 2274 1168 2312 (still
1189 2283 1228 2305 so
1249 2271 1380 2309 called),
1398 2271 1432 2304 in

178 2328 235 2359 the
251 2326 373 2358 middle
390 2325 427 2356 of
437 2325 493 2355 the
510 2322 646 2355 modern
661 2321 814 2359 province
831 2319 868 2350 of
880 2316 1063 2350 Catalonia.
