1539 2508
125 107 203 145 156
664 119 700 145 τ.
722 119 835 145 mvn.

119 203 192 237 que
225 192 344 227 iratos¹
375 192 519 227 invocat
552 191 651 226 deos.
703 191 807 226 Idem
841 191 1017 237 deinceps
1048 191 1167 226 omnis
1198 191 1382 227 exercitus

120 238 154 273 in
185 251 224 273 se
251 241 405 284 quisque
432 239 546 284 jurat:
575 238 705 284 juratis
733 240 838 272 datur
865 240 1020 283 signum.
1072 242 1184 274 Arma
1214 240 1381 285 capiunt3

119 294 205 320 eunt
235 287 268 320 in
296 299 452 331 pugnarn
482 286 613 320 irarum
641 287 790 331 speique
819 287 928 331 pleni.
981 288 1086 321 Nunc
1103 287 1230 333 jubent
1259 286 1381 321 Etrus-

118 344 180 367 cos
206 334 331 378 probra
357 334 489 378 jacere.
512 344 605 367 nunc
631 334 783 367 armatis
808 333 876 367 sibi
903 333 1058 379 quisque
1087 334 1208 379 lingua
1234 344 1380 379 promp-

119 385 193 414 tum
231 381 370 414 hostem
414 380 545 414 offerri.
613 381 785 414 Omnium
828 380 888 414 illo
929 381 1001 424 die,
1037 392 1108 426 qua
1143 380 1270 425 plebis5
1306 391 1381 425 qua

117 426 276 470 Pati'um,
311 427 447 461 eximia
481 427 595 461 virtus
631 427 708 461 suit.
773 427 926 462 Fabium
961 438 1105 471 nomen,
1141 427 1257 462 Fabia
1289 438 1381 471 gens

117 475 279 508 maxime
321 476 461 508 enituit.
529 474 659 508 Multis
700 474 872 509 civilibus
913 474 1177 509 certaminibus
1219 474 1380 508 infensos

116 520 234 565 plebis
266 521 408 555 animos
449 521 511 555 illa
547 533 666 566 pugna
699 521 769 555 sibi
806 521 1040 555 reconciliare
1081 528 1255 556 statuunt.
1321 520 1378 555 In·

116 569 262 601 struitur
290 570 411 613 acies3
440 579 510 602 nec
541 569 674 603 Veiens
702 568 815 603 hostis
844 569 1093 614 Etruscaeque
1123 567 1283 614 legiones
1315 566 1378 602 de·

115 619 283 648 trectant.

163 665 221 696 46.
252 662 365 707 Prope
393 668 493 696 certa
522 674 607 708 spes
635 669 711 697 erat
742 674 811 697 non
841 663 959 707 magis
988 673 1116 697 secum
1144 667 1376 708 pugnaturos,

115 719 224 754 quam
261 710 515 754 pugnaverint²
540 722 624 744 cum
653 711 815 755 Aequis3
849 711 968 756 majus
996 720 1139 755 quoque
1167 708 1311 754 aliquod
1340 709 1376 743 in

115 762 188 790 tam
217 757 360 790 irritatis
384 757 516 790 animis
534 764 568 791 et
588 758 779 791 occasione
806 758 953 802 ancipiti
982 757 1080 791 haud
1106 755 1378 802 desperandum

115 814 196 837 esse
227 803 379 837 facinus.
432 804 503 837 Res
529 805 634 838 aliter
658 804 762 848 longe
793 806 928 838 evenit.
979 805 1076 839 Nam
1106 815 1176 838 non
1198 803 1270 837 alio
1291 809 1377 837 ante

115 849 211 884 bello
238 850 400 884 infestior
425 851 610 885 Romanus
636 852 744 895 (adeo
772 852 854 885 hinc
880 851 1113 885 contumeliis
1137 849 1272 895 hostes,
1293 850 1378 884 hinc

115 897 285 931 consules
318 909 418 931 mora
451 898 778 941 exacerbaverant)
813 898 988 943 proelium
1024 898 1114 931 iniit.
1165 897 1235 932 Vix
1262 897 1376 942 expli-

115 944 220 978 candi
247 944 391 978 ordines
416 945 572 989 spatium
602 945 762 979 Etruscis
789 945 865 989 suit,
885 956 970 979 cum
998 944 1080 990 pilis
1106 944 1200 978 inter
1218 945 1377 989 primam

111 990 395 1036 trepidationem
431 991 585 1037 abjectis
618 999 756 1025 temere
791 993 908 1036 magis
935 1003 1042 1036 quam
1072 991 1226 1035 emissis,
1254 1002 1378 1037 pugna

112 1036 187 1082 jam
224 1038 258 1072 in
294 1049 434 1080 manuS,
461 1038 534 1083 jam
562 1038 608 1072 ad
634 1038 784 1084 gladios.
813 1039 873 1073 ubi
906 1039 1007 1073 Mars
1034 1044 1089 1072 est
1118 1039 1375 1084 atrocissimus,

113 1091 276 1119 venerat.
329 1086 426 1119 Inter
452 1086 628 1130 primores
660 1097 777 1130 genus
805 1085 975 1120 Fabium³
1002 1086 1141 1130 insigne
1167 1085 1377 1130 spectaculo

114 1132 357 1178 exemploque
391 1133 533 1166 civibus
565 1139 654 1166 erat.
719 1133 773 1167 Ex
806 1132 861 1167 his
894 1133 937 1171 Q.
973 1132 1128 1168 Fabium
1164 1132 1284 1178 (tertio
1318 1132 1378 1166 hic

113 1190 208 1213 anno
236 1187 321 1213 ante
356 1180 480 1213 consul
516 1180 648 1225 suerat)
684 1180 883 1225 principem
920 1181 953 1214 in
987 1179 1170 1214 consertos
1203 1179 1378 1214 Veientes

113 1235 262 1260 euntem
299 1227 399 1261 ferox
433 1227 571 1261 viribus
603 1234 639 1261 et
671 1238 854 1262 armorum
887 1234 963 1262 arte
998 1227 1153 1272 Tuscus,
1189 1226 1377 1261 incautum

113 1273 208 1308 inter
242 1274 374 1307 multas
408 1281 616 1308 versantem
651 1273 807 1309 hostium
840 1286 980 1319 manus,
1006 1274 1128 1319 gladio
1159 1285 1222 1318 per
1249 1281 1380 1319 pectus

114 1320 300 1365 transfigit.
355 1320 444 1355 Telo
478 1327 640 1355 extracto
667 1333 845 1366 praeceps
874 1321 1010 1356 Fabius
1038 1322 1072 1355 in
1102 1320 1235 1355 vulnus
1261 1320 1379 1355 abiit.⁴

113 1367 232 1402 Sensit
261 1375 413 1413 utraque
439 1368 540 1402 acies
568 1368 674 1402 unius
691 1369 756 1402 viri
782 1379 922 1412 casum,
941 1368 1172 1413 cedebatque
1199 1367 1284 1402 inde
1311 1367 1377 1402 Ro-

113 1425 256 1458 manuS,
291 1427 376 1449 cum
410 1415 465 1449 M.
502 1414 637 1449 Fabius
669 1415 793 1450 consul
829 1415 1008 1450 transiluit
1040 1413 1197 1460 jacentis
1237 1425 1379 1460 corpus,

113 1461 330 1507 objectaque
360 1473 487 1506 parma
517 1462 614 1496 ‘Hoc
639 1462 811 1508 jui·astis‚⁷
842 1463 968 1508 inquit,
1001 1461 1169 1505 ‘milite-s,
1197 1460 1380 1506 fugientes

113 1519 177 1542 vos
210 1509 244 1543 in
279 1517 398 1543 castra
433 1509 635 1543 redituros.z
686 1509 790 1544 Adeo
821 1509 1078 1554 ignavissimos
1106 1508 1230 1542 hostes
1262 1508 1380 1552 magis

114 1556 262 1599 timetis⁷
298 1567 407 1601 quam
442 1557 570 1590 Jovem
607 1557 852 1601 Martemque,
888 1568 952 1601 per
983 1567 1074 1600 quos
1105 1555 1281 1600 jurastis?
1330 1557 1380 1590 At

114 1613 180 1646 ego
209 1602 385 1647 injuratus
410 1609 472 1636 aut
500 1604 611 1635 victor
638 1610 808 1645 revertar,
827 1611 888 1636 aut
916 1614 1024 1647 prope
1051 1609 1087 1636 te
1113 1601 1184 1646 hic,
1203 1601 1247 1640 Q.
1279 1601 1378 1647 Fabi,

113 1649 296 1683 dimicans
321 1648 479 1683 cadam.⁷
531 1648 678 1682 Consuli
704 1655 782 1682 turn
808 1649 850 1683 K.
871 1649 1016 1694 Fabius,
1036 1648 1160 1695 prioris
1184 1649 1268 1683 anni
1296 1660 1380 1683 con-

115 1696 181 1740 sul,
219 1696 418 1730 ‘Verbisne
460 1695 549 1740 istis,
585 1695 705 1740 frater,
741 1702 779 1730 ut
820 1702 982 1741 pugnent
1023 1704 1058 1729 te
1099 1695 1379 1740 impetraturum

115 1743 261 1777 credis3
315 1743 371 1777 Dii
405 1742 663 1788 impetrabunt,
698 1754 763 1788 per
795 1754 886 1788 quos
917 1743 1097 1788 juravere.
1150 1743 1196 1777 Et
1229 1754 1304 1786 nos,
1338 1749 1378 1778 ut

115 1789 224 1824 decet
243 1801 423 1835 procere5‚
444 1796 482 1824 ut
501 1789 611 1824 Fabio
629 1790 776 1824 nomine
795 1797 850 1824 est
867 1789 1030 1835 dignum⁷
1049 1789 1243 1836 pugnando
1259 1790 1380 1836 potius

156 1884 167 1902 ¹
181 1882 269 1913 Thai
289 1882 327 1917 is,
346 1888 382 1912 ut
398 1883 459 1913 sibi
475 1884 554 1914 irati
568 1885 654 1914 sint:
683 1884 763 1915 iram
779 1885 907 1914 deorum
924 1884 1059 1915 invocat.

155 1923 169 1941 ²
183 1922 343 1961 Properly
383 1930 579 1959 urrunsa-enm
599 1924 669 1958 but,
683 1934 720 1955 as
736 1924 768 1954 in
785 1924 840 1955 the
853 1923 952 1954 direct
965 1922 1100 1961 speech,
1115 1921 1172 1954 the
1188 1922 1311 1962 perfect
1327 1923 1376 1955 in-

117 1962 259 1994 dicative
279 1934 388 2006 wouid
401 1948 487 2006 bave
513 1965 596 1993 been
619 1963 712 1999 used,
734 1963 819 2003 Livy
835 1964 958 1994 retains
974 1963 1030 1994 the
1047 1973 1138 1994 same
1161 1970 1255 1994 tense
1273 1963 1304 1994 in
1321 1963 1378 1995 the

118 2002 268 2038 induent,
289 2009 452 2040 putnngn
471 2001 507 2032 os
518 2013 633 2033 course
647 2003 679 2034 in
694 2003 749 2034 the
763 2003 985 2043 subjunctive.
1030 2002 1220 2043 According
1235 2011 1269 2034 ῐο
1284 2003 1378 2035 strict

119 2053 296 2083 grammar,
322 2041 389 2085 this
412 2043 491 2072 verb
515 2043 631 2074 should
657 2044 739 2074 have
764 2045 846 2074 been
877 2042 1060 2082 subjected‚
1087 2043 1120 2074 in
1141 2043 1259 2083 regard
1279 2051 1314 2075 to
1335 2044 1379 2075 its

120 2090 226 2116 tense.
246 2090 279 2113 to
296 2081 351 2112 the
369 2082 536 2119 imperfect
556 2088 647 2117 (erat)
665 2084 696 2114 in
714 2083 768 2114 the
787 2083 916 2122 leading
931 2083 1055 2114 clause.

160 2124 172 2141 ³
188 2122 383 2161 Equivalent
411 2127 443 2151 to
469 2122 555 2152 Gens
579 2122 692 2158 Fulvia,
719 2123 860 2161 perhaps
883 2122 964 2153 with
991 2122 1058 2153 this
1080 2122 1282 2169 distinction⁸
1307 2123 1378 2154 that

131 2175 200 2202 ,ens
217 2163 318 2194 refers
335 2162 460 2200 merely
474 2170 506 2191 to
523 2162 578 2192 the
595 2163 782 2201 patricians,
797 2163 947 2194 whereas
957 2174 1062 2202 genus
1073 2162 1220 2194 includes
1236 2162 1306 2194 also
1323 2162 1379 2194 the

119 2174 276 2234 fiumbler
296 2201 438 2233 families
461 2201 497 2232 of
516 2202 571 2232 the
595 2213 685 2233 same
713 2213 807 2234 name
831 2202 986 2235 attached
1007 2209 1042 2233 to
1065 2202 1121 2233 the
1143 2210 1236 2243 great
1258 2202 1376 2240 house,

121 2242 291 2274 freedmen
309 2241 372 2273 aud
388 2242 474 2273 their
489 2242 719 2274 descendants.

162 2283 174 2301 ⁴
191 2287 198 2299 ‘
212 2283 264 2314 He
286 2281 343 2313 fell
365 2280 506 2313 foi-ward
530 2292 618 2320 upon
640 2283 696 2314 the
714 2283 868 2315 wound:’
886 2284 999 2315 abiit:
1007 2283 1081 2320 ivit,
1099 2282 1165 2315 and
1185 2284 1235 2315 ire
1247 2282 1282 2316 in
1295 2281 1380 2316 such

123 2323 370 2362 expressions:
379 2324 454 2360 labi,
471 2324 593 2360 cadere,
612 2334 714 2354 ruere.
