1507 2476
657 57 781 83 LIBER
801 57 827 82 1.
1315 47 1366 85 47

119 130 232 168 indici
259 142 377 176 posse.
427 130 578 166 Albanis
605 130 788 166 socordius
816 141 874 165 res
905 135 1008 165 acta:
1043 130 1185 183 excepti
1213 130 1366 177 hospitio

119 179 169 214 ab
195 178 299 213 Tullo
327 178 458 213 blande
486 189 530 212 ac
560 178 724 223 benigne,
751 179 902 212 comiter
922 178 1016 222 regis
1036 179 1242 212 convivium
1271 178 1366 212 cele-

122 225 236 261 brant.
302 225 504 271 Tantisper¹
537 225 687 259 Romani
722 230 757 259 et
791 236 848 258 res
881 226 1120 270 repetiverant
1153 225 1296 270 priores,
1332 232 1368 259 et

121 272 265 318 neganti
281 272 447 307 Albano
489 271 627 306 bellum
669 273 703 306 in
745 272 967 306 tricesimum
1011 272 1111 306 diem
1153 271 1366 306 indixerant.

121 320 222 354 Haec
251 319 455 353 renuntiant
484 318 598 353 Tullo.
651 319 742 352 Tum
772 318 900 363 legatis
928 319 1055 354 Tullus
1078 319 1222 353 dicendi
1251 329 1367 371 potes-

122 372 245 411 tatem,
279 367 364 411 quid
399 372 565 412 petentes
599 366 772 409 venerint,
809 366 906 399 lacit.
975 366 1028 400 Illi
1061 366 1220 400 omniurn
1257 366 1368 411 ignari

121 415 277 459 primum
299 413 480 458 purwndo
499 419 616 447 terunt
635 419 799 457 tempus:
828 413 872 446 Se
899 413 1028 446 invitos
1053 413 1246 458 quicquam
1273 412 1368 457 quod

121 471 242 495 minus
267 460 407 511 placeat
432 460 536 494 Tullo
562 460 729 502 dicturos,
758 459 820 493 sed
849 461 997 504 irnperio
1024 459 1159 504 subigi.
1187 471 1245 494 ies
1270 471 1369 505 repe-

123 506 228 542 titum
248 518 287 541 se
307 518 470 542 venisse:
497 507 544 541 ni
559 507 764 551 reddantur,
785 506 920 540 bellurn
948 489 1125 540 indicet-De
1132 506 1260 552 jussos.
1311 506 1368 542 Ad

123 553 217 588 haec
243 553 370 588 Tullus
406 554 620 598 ‘Nuritiate‚⁷
656 553 905 598 inquit,‘1egi
937 560 1051 587 vestro
1086 565 1206 597 regem
1242 554 1370 588 Roma-

123 612 213 635 num
240 601 328 635 deos
356 600 474 634 facere
506 608 626 644 testes,
658 608 734 634 uter
763 601 860 653 prius
890 601 1042 645 populus
1075 613 1131 634 res
1167 607 1371 646 repetentes

124 647 263 693 legatos
294 654 506 693 aspernatus
539 628 726 692 dimiserit,
761 654 799 681 ut
832 648 865 681 in
900 659 984 681 eum
1019 659 1147 682 omnes
1187 648 1372 693 expetant²

124 694 278 740 hujusce
296 694 420 729 clades
438 695 548 729 belli.⁷

174 745 229 776 23.
255 742 356 776 Haec
384 742 547 776 nuntiant
575 742 720 777 domum
750 741 894 775 Albani.
947 741 991 775 Et
1018 741 1156 775 bellum
1190 741 1372 794 utrimque

125 800 270 823 summa
296 800 363 834 ope
392 789 592 835 parabatur,
620 789 715 822 civili
746 788 970 822 simillimum
1005 788 1110 832 bello,
1139 799 1247 834 prope
1282 788 1373 822 inter

125 843 293 882 parentes
325 842 509 881 natosque.
538 835 728 881 'Irojanarn
764 842 953 880 utramque
980 836 1128 880 prolem
1157 847 1240 869 curn
1268 835 1372 870 Lavi-

125 894 225 917 nium
263 883 310 917 ab
350 883 466 928 Troja
501 883 547 917 ab
589 883 738 917 Lavinio
772 882 875 926 Alba,
910 883 956 916 ab
998 882 1220 916 Albanorum
1263 883 1372 927 stiipe

126 941 251 975 regum
277 930 416 964 oriundi
442 931 592 965 Romani
620 936 751 964 essent.
805 930 966 964 Eventus
993 936 1114 963 tamen
1142 929 1227 963 belli
1254 941 1374 963 minus

125 977 372 1011 miserabilem
391 977 658 1012 dimicationem
685 977 781 1021 fecit,
801 976 895 1021 quod
915 988 982 1010 nec
1000 977 1077 1010 acie
1103 982 1279 1010 certatum
1306 980 1371 1021 est,

127 1029 163 1058 et
181 1024 287 1058 tectis
305 1024 410 1058 modo
428 1025 555 1059 dirutis
571 1024 719 1058 alterius
736 1024 834 1058 urbis
851 1023 922 1057 duo
941 1023 1064 1068 populi
1092 1024 1125 1057 in
1153 1034 1264 1056 unum
1291 1034 1373 1057 con-

127 1070 198 1105 fusi
231 1078 324 1105 sunt.
375 1072 506 1106 Albani
539 1072 675 1116 priores
714 1070 851 1114 ingenti
884 1072 1043 1104 exercitu
1078 1070 1111 1104 in
1145 1081 1273 1113 agrurn
1307 1070 1373 1103 Ro-

128 1129 276 1152 manum
311 1119 486 1163 impetum
522 1117 655 1152 secere.
707 1118 830 1150 Castra
855 1116 901 1150 ab
927 1116 1015 1150 urbe
1042 1116 1137 1150 haud
1166 1116 1247 1162 plus
1271 1116 1373 1161 quin-

129 1176 199 1209 que
217 1164 318 1198 milia
336 1176 508 1209 passuum
526 1164 654 1198 locant.
674 1163 770 1197 fossa
795 1162 1039 1196 circumdant:
1069 1163 1162 1197 fossa
1180 1163 1309 1197 Cluilia
1327 1163 1374 1198 ab

128 1222 274 1245 nomme
300 1211 403 1245 d'ucis
428 1223 490 1256 per
515 1211 650 1255 aliquot
676 1210 824 1244 saecula
849 1210 1030 1254 appellata
1057 1217 1121 1244 est.
1149 1210 1264 1244 donec
1289 1221 1376 1244 curn

129 1269 167 1292 re
186 1269 316 1292 nomen
334 1270 476 1303 quoque
495 1264 673 1291 vetustate
691 1258 875 1292 abolevit-'²
925 1258 963 1291 In
990 1258 1046 1290 his
1071 1258 1198 1291 castris
1224 1257 1376 1291 Cluilius

129 1305 293 1339 Albanus
320 1316 380 1339 rex
408 1305 572 1348 rnoritur3
599 1305 811 1338 dictatorem
829 1304 960 1338 Albani
989 1304 1161 1338 Mettium
1187 1303 1375 1350 Fufetium

129 1357 263 1385 creant.
313 1352 459 1386 Interim
487 1352 614 1385 Tullus
643 1351 751 1396 ferox7
780 1352 972 1397 praecipue
1000 1358 1113 1385 morte
1143 1352 1247 1396 regis,
1276 1362 1374 1395 mag-

128 1410 288 1444 numque
330 1398 479 1433 deorum
521 1410 653 1432 numen
689 1399 736 1433 ab
770 1399 846 1443 ipso
889 1398 1008 1443 capite
1041 1409 1161 1431 orsum
1197 1399 1232 1432 in
1265 1409 1374 1431 omne

128 1457 261 1480 nornen
294 1446 491 1480 Albanum⁴
523 1446 768 1490 expetiturum
803 1457 938 1490 poenas
971 1445 1016 1479 ob
1049 1445 1185 1479 bellurn
1220 1445 1374 1490 impium

129 1492 306 1537 dictitans,
333 1500 437 1526 nocte
465 1493 668 1538 przaeuritis
696 1492 852 1526 hostium
885 1492 1021 1536 castris,
1050 1491 1179 1530 infesto
1213 1492 1375 1525 exercitu

80 1553 82 1556 ’
129 1539 166 1573 111
190 1551 316 1584 agrum
344 1539 526 1573 Albanum
551 1540 675 1590 per0·.i1
729 1540 781 1573 Ea
807 1550 863 1572 res
887 1539 933 1572 ab
959 1538 1097 1572 stativis
1123 1538 1254 1572 excivit
1280 1538 1376 1572 Met-

129 1586 242 1619 tium:
278 1585 376 1619 ducit
402 1597 473 1630 qua
498 1597 659 1631 proxnne
685 1586 730 1620 ad
758 1586 897 1619 hostem
925 1591 1064 1630 potest,
1058 1586 1078 1605 ’5
1104 1585 1186 1618 inde
1215 1584 1375 1629 legatum

170 1691 180 1708 ¹
197 1689 261 1720 ‘So
273 1689 370 1720 much
382 1688 436 1719 the
448 1689 588 1719 sooner.‘
630 1688 822 1733 Tamtisper
815 1699 841 1718 15
856 1688 931 1718 here
946 1687 1073 1726 applied
1086 1694 1117 1717 to
1131 1698 1148 1717 a
1161 1687 1249 1718 short
1264 1687 1377 1732 period

130 1728 167 1760 of
183 1729 273 1760 time.
319 1729 403 1759 Τ1115
427 1739 536 1765 sense,
556 1729 720 1763 ὴοκᾚενθι,
742 1739 768 1758 15
791 1736 846 1758 not
864 1728 895 1758 in
914 1728 966 1758 the
985 1727 1074 1758 word
1090 1727 1189 1763 itself,
1208 1727 1279 1758 sor
1273 1737 1341 1758 1111.
1358 1731 1376 1759 3

131 1771 184 1806 (ad
200 1770 272 1800 init.
276 1772 286 1804 )
302 1769 324 1799 it
342 1779 515 1806 expresses
531 1779 550 1799 a
565 1768 663 1798 much
680 1753 792 1808 loiiger
808 1767 928 1806 period.

166 1809 350 1854 2Εατρείονε
363 1808 482 1840 should
500 1808 649 1852 properly
667 1810 706 1839 be
731 1808 908 1839 construed
927 1807 1003 1838 with
1021 1809 1069 1843 ab
1089 1808 1145 1838 but
1166 1808 1197 1838 in
1215 1817 1245 1836 w
1250 1806 1295 1837 ith
1320 1806 1376 1837 the

130 1849 317 1880 accusative
333 1859 448 1879 occurs
471 1849 541 1879 also
565 1859 597 1878 1n
620 1849 674 1879 the
698 1855 775 1878 next
800 1848 946 1886 chapter,
965 1859 1083 1878 numen
1107 1872 1113 1877 .
1141 1871 1146 1877 .
1172 1871 1178 1877 .
1205 1871 1211 1877 .
1236 1848 1271 1877 in
1289 1858 1379 1877 omne

130 1900 241 1920 nomen
260 1889 419 1919 Albanum
444 1890 652 1932 expetiturum
672 1900 801 1928 poenas.
847 1888 876 1918 1
881 1888 920 1918 he
945 1888 1017 1918 idea
1034 1887 1141 1918 which
1164 1886 1254 1920 leads
1272 1893 1304 1916 to
1322 1886 1376 1916 the

131 1939 190 1960 use
207 1928 244 1958 of
261 1929 326 1959 this
342 1928 565 1959 construction
589 1939 628 1963 is,
647 1928 716 1958 that
741 1928 796 1958 the
820 1928 913 1967 gods
934 1927 1108 1966 according
1132 1934 1164 1957 to
1188 1937 1228 1957 an
1251 1925 1376 1956 eterna!

131 1968 311 2038 necessity,
331 1968 424 2006 bring
447 1967 677 2006 punishments
701 1978 786 2006 upon
810 1968 891 2004 (that
915 1968 954 2004 is,
975 1968 1114 2006 against,
1134 1968 1180 2001 in)
1203 1965 1377 2004 particular

131 2015 236 2039 morta
252 2018 267 2038 5

171 2048 183 2066 ³
198 2045 294 2092 From
317 2048 464 2081 abolesco,
491 2046 598 2077 which
622 2046 649 2076 15
672 2047 888 2082 intransitive
911 2046 946 2077 ‘I
968 2057 1009 2086 go
1033 2053 1089 2077 out
1112 2046 1149 2076 of
1167 2045 1357 2097 existence:

131 2087 256 2120 aboleo'
249 2098 276 2118 15
293 2087 473 2122 transitive,
496 2086 530 2116 ‘I
548 2086 749 2122 annihilate‚’
769 2097 804 2118 or
824 2087 922 2117 send
938 2094 993 2117 out
1009 2086 1046 2117 of
1063 2085 1253 2117 existence.

171 2129 182 2146 ⁴
197 2127 295 2158 Seei.
315 2130 362 2163 10,
381 2135 467 2157 note.

172 2169 184 2185 ⁵
200 2171 208 2184 ‘
223 2166 275 2205 By
289 2167 344 2197 the
360 2172 488 2197 nearest
506 2166 603 2204 way.
648 2165 722 2195 The
739 2166 957 2204 manuscripts
974 2165 1050 2197 read
1066 2175 1170 2204 quam,
1190 2163 1252 2194 and
1262 2173 1330 2202 qua
1346 2162 1374 2194 15

133 2206 258 2245 merely
274 2217 292 2237 a
307 2207 491 2245 conjecture
515 2205 551 2235 of
571 2205 768 2236 Gronovius.
813 2206 842 2236 T
847 2206 887 2236 he
904 2217 1001 2237 sense
1017 2206 1114 2245 given
1130 2205 1173 2243 by
1189 2214 1264 2243 qua,
1282 2202 1372 2234 how-

134 2256 222 2283 ever,
242 2256 350 2277 seems
367 2254 401 2277 to
417 2256 456 2277 us
472 2244 654 2284 preferable
672 2253 704 2276 to
721 2245 776 2276 the
792 2245 913 2298 other!
