1507 2492
632 90 757 116 mnan
786 89 827 115 11.
1282 78 1357 113 123

100 165 271 200 Mamilio
303 170 432 210 pectus
465 165 706 209 percussum.¹
764 163 869 197 Hunc
902 160 1052 207 quidem
1087 160 1123 193 in
1156 160 1359 197 secundam

101 213 221 247 aciem
240 212 359 247 Latini
378 223 570 256 recepere3
597 211 778 246 Aebutius
804 221 889 244 cum
915 208 1038 242 saucio
1064 206 1211 241 brachio
1230 214 1356 242 tenere

101 259 215 294 telum
241 271 308 293 non
336 265 466 304 posset7
486 270 607 303 pugna
633 258 800 292 excessit.
853 256 1001 290 Latinus
1025 254 1098 288 dux
1125 254 1210 288 nihil
1238 255 1342 289 deter

100 308 190 340 ritus
207 306 354 340 vulnere
382 306 556 350 proelium
583 305 679 348 ciet3
706 311 741 338 et
768 303 853 349 quia
879 314 963 337 suos
987 301 1171 348 perculsos
1196 301 1354 347 videbat,
1380 311 1386 314 “

99 354 250 387 arcessit
268 352 452 386 cohortem
479 352 628 386 exulum
646 352 899 394 Romanorum,
919 349 977 383 cui
1005 348 1148 392 Lucius,
1169 349 1355 393 Tarquinii

99 399 204 444 filius,
223 405 400 445 praeerat.
451 399 506 434 Ea
524 399 617 444 quod
638 399 772 444 majore
791 396 973 443 pugnabat
988 396 1038 429 ira
1056 396 1101 429 ob
1120 403 1244 441 erepta
1264 396 1356 430 bona

98 447 325 493 patriamque
343 445 566 491 ademptam,
587 457 743 491 pugnam
763 455 957 490 parumper
977 443 1143 477 restituit.

147 496 204 527 20.
231 493 484 528 Referentibus
500 493 572 538 jam
588 493 719 538 pedem
739 492 786 525 ab
804 503 847 525 ea
866 497 965 536 parte
985 490 1164 532 Romanis,
1180 489 1234 523 M.
1248 489 1354 523 Vale-

99 540 182 585 rius,
204 540 411 574 Publicolae
434 540 552 584 frater,
573 540 801 584 conspicatus
827 538 985 571 ferocem
1012 537 1186 581 juvenem
1205 536 1354 581 Tarqui-

98 587 202 622 nium
219 593 460 621 ostentantem
481 598 519 621 se
539 588 574 621 in
594 588 708 632 prima
735 585 883 619 exulum
901 585 991 628 acie,
1012 583 1214 617 domestica
1242 585 1351 618 etiam

98 634 208 679 gloria
233 645 419 677 accensus,
440 640 487 678 ut7
508 634 612 679 cujus
638 633 799 667 familiae
825 632 938 665 decus
965 630 1074 676 ejecti
1101 630 1217 674 reges²
1242 636 1352 675 erant,

99 680 264 726 ejusdem
284 681 463 715 interfecti
482 680 606 725 forent,
626 680 746 715 subdit
773 679 927 712 calcaria
953 689 1044 722 equo
1063 683 1098 711 et
1116 676 1354 722 Tarquinium

99 728 229 762 infesto
263 728 400 773 spiculo
433 728 533 773 petit.
599 726 816 772 Tarquinius
849 732 939 758 retro
973 725 1007 758 in
1041 735 1173 768 agmen
1208 735 1354 758 suorum

99 775 240 809 infenso
264 776 372 809 cessit
397 774 502 809 hosti.
552 775 738 809 Valerium
766 780 903 807 temere
934 772 1116 805 invectum
1145 772 1178 804 in
1207 770 1353 805 exulum

98 823 218 856 aciem
252 833 299 856 ex
331 828 532 855 transverso
565 821 714 867 quidam
747 820 894 854 adortus
927 818 1123 862 transfigit3
1157 829 1225 851 nec
1254 817 1354 862 quic-

99 880 210 915 quam
235 869 366 914 equitis
390 868 538 902 vulnere
566 879 658 913 equo
687 867 876 910 retardato,
895 865 1132 900 moribundus
1156 864 1353 909 Romanus,

99 916 306 951 labentibus
332 927 438 961 super
455 927 584 961 corpus
600 915 721 960 armis,
741 914 786 948 ad
813 920 943 947 terram
967 912 1146 947 defluxit!⁵
1195 912 1355 946 Dictator

99 963 307 998 Postumius
331 969 526 1008 postquam
552 962 729 996 cecidisse
756 961 864 995 talem
886 961 1015 1004 virum,
1036 959 1164 993 exules
1191 958 1355 992 ferociter

100 1011 207 1044 citato
239 1011 385 1055 agmine
419 1009 553 1053 invehi,
588 1020 672 1044 suos
704 1008 888 1055 perculsos
921 1007 1052 1041 cedere
1086 1005 1353 1050 animadvertit3

100 1057 235 1091 cohorti
266 1068 365 1102 suae,
392 1068 500 1101 quam
532 1056 715 1090 delectam
744 1066 893 1089 manum
923 1053 1093 1100 praesidii
1123 1064 1233 1086 causa
1262 1052 1357 1085 circa

101 1115 140 1138 se
166 1103 335 1147 habebat,
363 1103 423 1137 dat
449 1104 619 1147 sigrium‚⁴
646 1109 694 1143 ut7
722 1113 831 1147 quem
860 1112 1002 1134 suorum
1031 1100 1230 1143 fugientem
1257 1099 1356 1132 vide-

102 1151 180 1193 rint,
215 1161 277 1195 pro
311 1150 412 1184 hoste
447 1150 616 1183 habeant.
683 1150 736 1183 Ita
777 1153 877 1182 metu
910 1147 1060 1191 ancipiti
1093 1146 1187 1179 versi
1219 1157 1240 1179 a
1271 1148 1358 1189 fuga

103 1196 256 1231 Romani
277 1197 311 1230 in
330 1197 480 1239 hostem,
501 1202 535 1229 et
562 1196 723 1229 restituta
748 1196 858 1228 acies.
910 1194 1043 1227 Cohors
1069 1192 1253 1226 dictatoris
1279 1199 1357 1226 tum

104 1244 261 1288 primum
310 1242 487 1289 proelium
538 1242 626 1276 iniit.
694 1241 845 1283 Integris
895 1239 1101 1284 corporibus
1149 1239 1356 1284 animisque

104 1290 220 1324 fessos
243 1290 356 1324 adorti
385 1290 510 1323 exules
536 1289 704 1323 caedunt.
756 1288 809 1322 Ibi
836 1287 908 1321 alia
934 1287 1027 1321 inter
1046 1297 1213 1331 proceres
1238 1294 1358 1319 coorta

105 1349 235 1383 pugna.
287 1337 485 1382 Imperator
514 1336 672 1379 Latinus⁷
701 1335 763 1369 ubi
797 1334 980 1368 cohortem
1015 1333 1164 1367 exulum
1195 1345 1216 1366 a
1246 1332 1358 1366 dicta-

104 1391 180 1418 tore
225 1385 382 1419 Romano
426 1394 534 1428 prope
575 1383 860 1417 circumventam
903 1381 1001 1425 vidit,
1044 1392 1090 1414 ex
1133 1379 1358 1414 subsidiariis

105 1431 310 1477 manipulos
350 1431 487 1476 aliquot
515 1430 563 1465 ,in
606 1431 760 1475 primam
799 1429 917 1462 aciem
953 1427 1217 1472 secum-rapit.
1285 1427 1360 1460 Hos

105 1479 251 1523 agmine
269 1478 458 1513 venientes
475 1478 516 1510 T.
537 1477 743 1510 Herminius
768 1476 909 1519 legatus
930 1475 1171 1519 conspicatus,
1192 1474 1359 1519 interque

107 1537 169 1559 eos
196 1526 371 1569 insignem
402 1530 503 1557 veste
531 1523 714 1568 armisque
743 1522 949 1556 Mamilium
982 1521 1172 1564 noscitans.
1201 1527 1298 1553 tanto
1324 1520 1360 1553 vi

108 1572 270 1617 majore,⁵
295 1583 401 1616 quam
433 1571 539 1616 paulo
567 1577 650 1604 ante
683 1569 856 1614 magister
884 1568 1059 1613 equitum,
1088 1578 1170 1601 cum
1200 1567 1361 1601 hostium

107 1620 202 1654 duce
235 1618 410 1664 proelium
446 1618 534 1662 iniit,
570 1623 607 1651 ut
641 1623 677 1650 et
710 1627 779 1650 uno
818 1615 890 1649 ictu
925 1614 1136 1648 transfixum
1170 1625 1235 1659 per
1268 1614 1362 1647 latus

108 1665 279 1700 occiderit
308 1665 529 1708 Mamilium,
559 1670 594 1697 et
624 1664 699 1708 ipse
727 1664 819 1697 inter
843 1661 1068 1707 spoliandum
1094 1672 1224 1706 corpus
1249 1660 1361 1694 hostis

107 1718 233 1747 veruto
267 1724 467 1758 percussus,
495 1723 579 1745 cum
609 1712 722 1744 victor
756 1710 789 1743 in
825 1716 941 1743 castra
969 1714 1065 1742 esset
1094 1708 1239 1752 relatus,
1268 1708 1360 1741 inter

150 1804 183 1831 ᾖ
197 1812 344 1847 Ξῐτιιοῖῐ,’
359 1812 390 1842 in
404 1822 421 1841 a
434 1810 565 1850 general
576 1820 683 1845 sense,
701 1816 755 1840 not
776 1812 783 1825 ⁴
795 1808 924 1847 pierced
939 1807 1081 1847 through
1094 1807 1115 1844 ;’
1129 1817 1166 1838 so
1180 1814 1234 1838 not
1248 1806 1357 1838 unfre—

109 1852 245 1892 quently
257 1858 420 1892 percutere
435 1853 581 1890 aliquem,
604 1855 656 1880 ‘to
674 1849 791 1879 wonnd
809 1860 825 1879 a
842 1848 982 1886 person.⁷

147 1893 160 1911 ²
176 1897 183 1908 ⁴
197 1892 270 1922 The
294 1890 679 1929 expulsion--slanghter
695 1889 731 1919 os
749 1889 803 1919 the
829 1889 949 1927 kings.⁷
976 1899 993 1918 a
1017 1887 1160 1925 pectiliar
1176 1888 1233 1918 but
1254 1887 1359 1927 easily

109 1932 280 1970 explained
297 1942 355 1962 use
372 1931 409 1962 of
426 1931 481 1961 the
500 1931 595 1960 Latin
614 1929 792 1968 participle.
838 1928 900 1958 See
921 1928 1028 1958 Grom.
1047 1927 1064 1960 ᾧ
1080 1929 1152 1959 404,
1172 1934 1247 1957 note
1265 1930 1293 1958 3.

149 1973 160 1990 ³
174 1973 205 2002 A
222 1971 380 2002 beautiful
405 1979 494 2008 trope
512 1970 558 2000 for
571 1971 729 2009 paulatim
745 1969 870 2003 decidit,
889 1969 1038 2007 delapsus
1055 1974 1112 2001 ext,
1133 1966 1238 1997 which
1263 1966 1360 1997 latter

111 2013 200 2047 verb,
216 2011 381 2046 however,
395 2011 490 2041 could
507 2018 560 2040 not
576 2011 614 2040 be
633 2009 724 2042 used,
738 2019 778 2038 on
795 2015 930 2039 account
946 2007 982 2038 of
995 2008 1048 2037 the
1062 2006 1237 2045 preceding
1253 2008 1356 2037 Iuben-

109 2053 204 2082 tibus.
249 2052 279 2081 A
298 2051 437 2089 poetical
454 2050 622 2088 colouring
645 2050 672 2079 is
695 2048 797 2087 easily
814 2047 1039 2087 recognisable
1063 2057 1095 2077 in
1116 2047 1172 2076 the
1190 2046 1295 2076 whole
1319 2045 1357 2076 of

110 2091 165 2122 the
181 2091 378 2129 description
393 2091 431 2121 of
448 2090 512 2120 this
530 2090 642 2119 battle.

149 2132 161 2149 ⁴
177 2136 184 2147 “
198 2131 248 2161 He
261 2131 353 2170 gives
370 2131 426 2161 the
442 2130 561 2163 order‚’
578 2129 692 2167 orally,
706 2128 768 2159 and
779 2139 816 2159 so
829 2127 897 2158 that
914 2128 936 2158 it
954 2138 1009 2158 ran
1024 2126 1165 2165 through
1179 2125 1233 2155 the
1245 2124 1356 2156 ranks.

111 2170 196 2201 This
213 2170 290 2201 kind
306 2170 343 2201 of
360 2170 562 2201 directionis
579 2168 682 2200 called
706 2170 846 2209 signum,
865 2178 901 2198 as
918 2167 992 2198 well
1017 2177 1052 2198 as
1075 2176 1137 2197 one
1159 2166 1257 2205 given
1279 2165 1323 2203 by
1339 2174 1359 2195 a

111 2216 196 2241 trum
221 2217 300 2241 eter.
1262 2236 1265 2237 t

146 2251 162 2294 *⁵
178 2253 186 2266 ‘
200 2220 294 2280 ssVith
315 2257 443 2288 greater
459 2249 544 2280 force
569 2249 647 2279 than
670 2248 725 2279 the
748 2255 871 2280 master
893 2247 931 2279 of
947 2247 1002 2278 the
1026 2246 1134 2282 horse,
1154 2245 1216 2276 and
1240 2243 1357 2275 indeed

111 2288 192 2320 with
207 2299 245 2320 so
260 2290 359 2321 much
373 2290 473 2326 soree,
492 2289 588 2325 that,'
609 2288 674 2320 δια.
