1539 2508
102 104 178 140 140
641 117 677 142 T.
699 117 815 143 Livii.

96 189 294 235 fugatque;
344 189 553 236 compulsos
603 190 645 224 in
685 190 859 237 oppidum
904 190 1108 236 Longulam
1149 196 1366 238 persecutu-

96 237 289 272 moenibus
333 238 473 283 potitur.
542 237 631 272 Inde
673 239 837 284 protinus
878 238 1082 283 Poluscam,
1128 239 1215 274 item
1263 238 1364 274 Vols-

95 295 231 328 corum,
267 286 375 330 cepit,
413 292 490 319 turn
525 297 659 330 magna
694 287 727 320 vi
763 286 909 321 adortus
942 292 996 320 est
1030 286 1212 322 Coriolos.¹
1276 287 1364 322 Erat

95 338 171 366 tuni
192 332 227 366 in
247 334 373 366 castris
392 333 487 366 inter
504 334 678 377 primores
697 333 871 378 juvenum
893 334 931 368 C.
952 333 1127 379 Marcius,
1146 333 1364 370 adolescens

94 385 130 413 et
164 380 311 413 consilio
346 388 380 413 et
410 391 520 414 manu
547 387 743 426 promptus,
771 381 831 415 cui
859 392 1062 425 cognomen
1091 389 1217 426 postea
1243 382 1361 416 Corio-

94 425 175 460 lano
206 426 284 460 fuit.
336 427 426 461 Cum
463 427 581 462 subito
617 429 818 463 exercitum
846 429 1051 463 Romanum
1076 428 1238 463 Coriolos
1265 429 1362 464 obsi-

93 473 242 508 dentem
281 480 391 519 atque
432 474 466 508 in
509 474 721 520 oppidanos.
756 487 846 521 quos
879 476 976 510 intus
1012 476 1156 510 clausos
1189 475 1360 522 habebat,

93 520 274 555 intentum
301 523 379 556 sine
405 521 478 556 ullo
507 530 607 556 metu
635 523 862 557 extrinsecus
891 523 1118 557 imminentis
1153 523 1249 568 belli,
1278 523 1361 558 vol-

92 579 176 602 scae
202 567 366 612 legiones
391 570 575 614 prosectae
601 570 649 604 ab
668 571 777 604 Antio
796 571 1024 616 invasissent,
1046 570 1251 616 eodemque
1271 576 1360 605 tem·

91 626 177 660 pore
212 626 258 649 ex
284 617 416 662 oppido
442 617 647 662 erupissent
675 617 807 663 hostes,
836 618 927 652 sorte
954 618 990 652 in
1017 619 1171 652 statione
1196 617 1362 652 Marcius

91 661 168 696 fuit.
230 662 264 697 Is
291 674 374 698 cum
410 663 554 698 delecta
587 665 747 699 rnilitum
785 676 895 700 manu
929 677 997 700 non
1032 664 1141 700 modo
1178 665 1360 710 impetum

90 711 362 755 erumpentium
383 712 541 756 rettudit,
562 712 625 746 sed
646 724 710 757 per
729 719 914 758 patentem
936 720 1075 759 portam
1095 712 1196 747 ferox
1215 713 1360 757 irrupit,

89 757 279 802 caede-qne
309 758 345 792 in
376 759 541 804 proxima
568 759 683 793 urbis²
709 759 816 806 saeta,
846 761 969 806 ignem
1000 767 1139 795 temere
1164 760 1360 805 abreptum

91 804 369 840 imminentibus
387 818 490 840 muro
508 807 687 841 aedificiis
712 807 850 853 injecit.
901 808 1047 842 Clamor
1073 808 1157 841 inde
1183 807 1359 852 oppidan-

89 862 203 897 orum,
232 853 370 887 mixtus
404 853 573 887 muliebri
603 854 806 900 puerilique
841 854 992 900 ploratu,
1023 855 1068 889 ad
1105 861 1290 899 terrorem,
1319 860 1359 889 ut

89 899 192 945 solet,
221 901 381 944 primum
406 907 504 935 ortus
532 908 567 934 et
595 902 767 935 Romanis
800 904 901 936 auxit
935 902 1099 936 animum
1130 907 1166 936 et
1201 901 1358 936 turbavit

88 946 248 990 Volscos,
270 953 394 992 utpote
412 955 518 993 capta
537 948 636 991 urbe,
657 949 715 982 cui
741 948 786 983 ad
816 948 1005 983 serendam
1032 959 1142 994 opem
1169 955 1356 983 venerant.

89 993 145 1028 Ita
171 993 240 1028 susi
268 995 386 1029 Volsci
413 996 589 1039 Antiates,
610 996 738 1030 Corioli
767 996 939 1042 oppidum
967 1003 1128 1042 captum.
1180 996 1355 1030 Tantum·

87 1052 159 1086 que
178 1053 244 1075 sna
263 1041 370 1076 laude
389 1042 525 1076 obstitit
545 1042 666 1076 famae
685 1044 845 1078 consulis
870 1044 1041 1088 Marcius,
1062 1049 1102 1077 ut
1127 1043 1196 1078 nisi
1226 1042 1357 1078 foedus

89 1100 173 1123 cum
196 1089 336 1123 Latinis
353 1089 524 1123 columna
542 1101 657 1124 aenea
675 1090 897 1136 insculptum
918 1097 1155 1125 monumento
1182 1097 1290 1136 esset,
1309 1090 1356 1125 ab

87 1135 146 1181 Sp.
168 1136 292 1170 Cassio
318 1147 399 1181 uno,
419 1137 505 1182 quia
532 1137 671 1182 collega
690 1137 842 1183 asuerat‚
863 1138 988 1182 ictum,
1011 1138 1225 1172 Postumum
1251 1137 1356 1172 Com-

87 1183 203 1218 inium
222 1183 362 1218 bellum
379 1184 539 1228 gessisse
558 1195 642 1218 cum
663 1185 805 1219 Volscis
823 1185 1001 1220 memoria
1019 1185 1204 1220 cessisset.

135 1230 274 1266 Eodem
312 1242 405 1265 auno
440 1232 600 1277 Agrippa
633 1232 830 1266 Menenius
863 1232 1022 1277 moritur,
1057 1231 1113 1267 vir
1145 1231 1245 1266 omni
1278 1231 1355 1266 vita

85 1278 220 1324 pariter
239 1278 407 1313 Patribus
427 1289 471 1312 ac
490 1278 586 1324 plebi
606 1290 719 1323 carus,
740 1286 819 1325 post
843 1280 1089 1314 secessionem
1115 1279 1230 1313 carior
1256 1278 1356 1324 plebi

85 1325 216 1360 factus.
267 1325 362 1360 Huic
380 1326 568 1370 interpreti
587 1326 794 1371 arbitroque
820 1327 1034 1361 concordiae
1060 1327 1208 1371 civium,
1234 1325 1354 1370 legato

86 1373 231 1408 Patrum
267 1372 312 1406 ad
347 1372 508 1418 plebem,
544 1373 725 1407 reductori
760 1373 880 1419 plebis
916 1373 1101 1408 Romanae
1142 1374 1178 1408 in
1212 1373 1352 1416 urbem,

85 1426 254 1465 sumptus
274 1419 390 1454 funeri
408 1419 536 1454 defuit.
588 1420 726 1455 Extulit
745 1432 829 1454 euin
843 1420 950 1466 plebs
967 1420 1197 1455 sextantibus
1213 1419 1355 1455 collatis

84 1467 121 1502 in
139 1467 287 1512 capita?

133 1517 189 1549 34.
217 1513 393 1549 Consules
418 1514 551 1548 deinde
578 1515 620 1549 T.
647 1515 844 1559 Geganius,
873 1515 912 1549 P.
936 1514 1125 1549 Minucius
1149 1513 1249 1549 sacti.
1300 1514 1354 1549 Eo

83 1572 179 1596 anno
214 1573 297 1596 cum
334 1568 369 1595 et
403 1561 490 1595 foris
522 1562 647 1607 quieta
684 1562 807 1596 omnia
843 1574 865 1596 a
898 1562 994 1597 bello
1027 1568 1150 1596 essent
1183 1568 1221 1596 et
1255 1560 1354 1596 domi

84 1615 210 1643 sanata
239 1608 431 1654 discordia,
457 1609 557 1643 aliud
592 1609 707 1644 multo
740 1610 886 1654 gravius
920 1609 1056 1644 malum
1085 1609 1276 1644 civitatem
1303 1610 1354 1643 iri-

83 1658 188 1700 vasit,
216 1657 350 1690 caritas
384 1657 542 1702 primum
578 1668 742 1690 annonae
769 1668 816 1691 ex
842 1657 989 1690 incultis
1014 1668 1079 1702 per
1105 1657 1355 1691 secessionem

83 1703 205 1749 plebis
221 1704 329 1749 agris,
350 1703 469 1738 sames
485 1703 631 1750 deinde,
652 1704 772 1749 qualis
797 1704 944 1739 clausis⁴
962 1703 1065 1738 solet.
1116 1704 1354 1748 ventumque

124 1811 134 1829 ¹
149 1809 235 1840 This
251 1810 331 1848 cityv
351 1820 387 1840 as
403 1810 479 1840 well
497 1821 532 1842 as
549 1811 605 1841 the
622 1810 759 1842 smaller
774 1809 936 1849 placesof
947 1810 1101 1850 Longula
1111 1809 1175 1841 and
1193 1809 1350 1847 Polusca‚

83 1849 299 1888 disappeared
323 1850 355 1880 in
379 1850 433 1880 the
459 1861 544 1881 wars
569 1851 645 1882 here
669 1851 863 1887 described3
889 1861 926 1882 so
943 1851 1043 1881 much
1060 1861 1110 1887 so,
1129 1850 1259 1884 indeed.
1279 1849 1351 1881 that

84 1890 117 1922 in
133 1889 332 1920 after-times
351 1890 392 1920 its
409 1890 471 1921 site
488 1891 585 1922 could
602 1899 657 1922 not
674 1893 712 1922 be
727 1891 862 1930 pointed
875 1898 930 1922 out
943 1890 1024 1921 with
1038 1890 1212 1929 certainty.
1252 1890 1350 1929 Livy,

84 1931 116 1962 in
133 1930 177 1961 iii.
195 1933 245 1965 71,
265 1930 430 1960 mentions
448 1941 465 1960 a
481 1931 611 1968 quarrel
628 1931 737 1962 which
755 1931 818 1962 had
835 1931 942 1962 arisen
958 1932 1111 1962 between
1128 1930 1185 1961 the
1208 1930 1352 1962 inhabit-

85 1978 158 2002 ants
175 1969 212 2000 of
224 1970 337 2000 Aricia
353 1970 417 2000 and
435 1970 548 2001 Ardea
564 1971 738 2010 regarding
752 1971 807 2002 the
826 1972 978 2011 territory
994 1971 1032 2002 of
1044 1970 1180 2002 Corioli.

123 2011 136 2029 ²
150 2010 224 2041 The
248 2010 436 2041 accusative
461 2012 496 2040 in
516 2013 661 2050 proxima
684 2013 771 2042 urbis
789 2012 815 2042 is
834 2011 1063 2048 remarkable;
1089 2010 1152 2042 and
1170 2021 1220 2041 we
1246 2010 1351 2050 might

85 2050 192 2090 prefer
207 2050 342 2090 reading
358 2052 392 2081 in
407 2052 550 2090 proxima
572 2053 659 2082 urbis
679 2058 785 2091 parte,
804 2062 841 2082 or
864 2054 898 2083 in
918 2053 1062 2092 proximo
1083 2053 1182 2082 urbis.
1227 2050 1292 2081 But
1317 2061 1354 2082 as

85 2091 142 2121 the
165 2091 302 2130 reading
325 2090 363 2121 of
381 2090 437 2120 the
461 2092 682 2129 manuscripts
706 2092 733 2122 is
757 2092 1060 2127 incontrovertible‚
1086 2101 1137 2121 we
1161 2097 1250 2122 must
1274 2090 1353 2121 take

86 2132 325 2172 coedmfucere
335 2131 366 2161 in
381 2130 435 2161 the
449 2141 546 2161 sense
560 2130 597 2161 of
607 2133 840 2171 caedemferre,
863 2137 870 2148 ‘
884 2140 918 2163 to
928 2132 1073 2163 advance
1087 2131 1168 2162 with
1181 2130 1354 2170 slaughter

86 2172 148 2202 and
165 2171 394 2202 destruction!

125 2212 137 2228 ²³
152 2210 226 2242 The
239 2213 327 2251 plebs
343 2210 458 2242 buried
481 2210 549 2241 him
574 2211 657 2244 (that
680 2211 720 2246 is,
745 2212 820 2250 paid
844 2212 899 2243 the
923 2211 1050 2243 funeral
1072 2214 1250 2250 expenses)
1273 2211 1319 2250 by
1333 2219 1354 2242 a

85 2251 309 2322 cpntiiibution
323 2251 362 2283 of
372 2251 544 2282 one-sixth
560 2251 598 2282 of
609 2261 650 2282 an
664 2263 700 2282 as
716 2256 795 2287 (two
811 2254 936 2288 unciae)
953 2252 1019 2284 laid
1033 2262 1123 2291 upon
1137 2251 1220 2284 each
1231 2261 1354 2291 person

86 2295 96 2327 (
122 2300 161 2322 ea
185 2295 206 2327 ).

135 2332 163 2349 ⁴⁶
176 2330 229 2363 To
245 2341 384 2371 persons
401 2331 585 2372 besieged,'
604 2341 642 2363 or
660 2334 668 2348 ‘
679 2331 797 2372 during
813 2343 832 2363 a
847 2332 963 2373 siege)
