1523 2524
674 117 800 144 maza
820 117 927 144 xxti.
1353 104 1428 140 331

166 193 348 241 Maxime,
382 191 534 229 domum
578 191 760 227 familiam
802 202 954 244 remque
998 201 1123 226 meam
1193 189 1327 224 essimo
1360 189 1434 224 leto

165 240 324 277 afficias.
373 240 415 276 In
443 239 537 276 haec
565 239 688 285 verba,
709 240 749 274 L.
769 239 912 285 Caesili,
936 239 1036 285 jures
1062 243 1165 285 postu
1183 249 1214 282 o,
1245 237 1434 284 ceterique

166 289 229 335 qui
245 288 400 325 adestis:
428 288 491 334 qui
521 298 591 323 non
607 287 792 333 juraverit,
814 287 850 322 in
878 299 918 322 se
948 286 1046 321 hunc
1072 284 1235 332 gladium
1267 285 1433 320 strictum

166 346 250 372 esee
278 336 396 371 sciat)
458 336 565 370 Haud
595 346 703 369 secus
731 334 854 381 pavidi
885 346 996 380 quam
1028 334 1057 368 si
1087 334 1263 368 victorem
1296 332 1435 367 Hanni·

165 382 291 418 halem
316 390 519 429 cernerent,
537 382 658 429 jurant
675 393 814 428 omnes,
834 381 1167 427 custodiendosque
1192 386 1311 415 semet
1339 379 1436 427 ipsos

165 429 326 478 Scipioni
345 431 502 466 tradunt.

214 481 272 513 ⁵4.
299 478 354 514 Eo
371 485 536 525 tempore
553 488 625 524 quo
643 476 736 512 haec
754 477 901 512 Canusii
927 476 1139 522 agebantur,
1159 475 1360 510 Venusiam
1386 474 1434 510 ad

165 525 356 561 consulem
374 525 422 561 ad
444 532 614 572 quattuor
631 524 733 559 milia
760 530 796 559 et
813 525 1002 570 quingenti
1030 523 1174 570 pedites
1201 523 1432 569 equitesque,

164 573 228 619 qui
256 573 372 621 sparsi
401 573 489 618 suga
515 584 581 619 per
608 583 714 617 agros
740 572 895 625 fuerant,
927 582 1142 618 pervenere.
1205 570 1277 605 Eos
1304 581 1435 605 omnes

164 619 342 656 Venusini
361 632 425 667 per
442 620 604 655 familias
629 619 788 664 benigne
815 619 1051 666 accipiendos
1076 618 1328 663 curandosque
1347 629 1434 653 cum

165 667 388 714 divisissent,
408 669 444 703 in
462 667 625 713 singulos
644 668 790 713 equites
815 673 918 712 togas
935 674 970 701 et
990 667 1132 701 tunicas
1149 672 1184 700 et
1201 665 1435 711 quadrigatos

164 726 337 751 nummos
365 716 494 762 quinos
521 715 679 758 vicenos,
710 721 746 749 et
781 714 895 760 pediti
926 714 1050 759 denos,
1083 720 1119 748 et
1154 724 1268 759 arma,
1298 712 1435 758 quibus

164 762 328 808 deerant,
357 762 564 798 dederunt.¹
630 762 836 808 Ceteraque
864 762 1012 808 publice
1041 773 1085 796 ac
1112 760 1282 807 privatim
1313 759 1432 806 hospi-

164 810 287 846 taliter
313 811 422 857 sacta,
451 816 706 855 certatumque
741 821 787 844 ne
820 821 842 843 a
878 809 1033 844 muliere
1061 809 1244 844 Canusina
1277 808 1434 854 populus

165 857 379 894 Venucinus
394 857 527 893 officiis
544 857 762 893 vinceretur.
815 857 885 892 Sed
913 857 1061 901 gravius
1088 867 1179 890 onus
1198 855 1315 890 Busae
1341 854 1433 890 mul-

165 905 282 941 titudo
298 905 469 952 faciebat,
488 912 524 941 et
541 905 618 952 jam
636 904 682 939 ad
704 904 836 939 decem
859 905 960 939 milia
980 903 1170 938 hominurn
1191 910 1306 937 erant.
1358 905 1432 949 Ap-

191 953 320 1000 iusque
338 959 375 988 et
392 953 515 1000 Scipio
533 959 730 1000 postquam
750 952 974 987 incolumem
1003 963 1086 986 esse
1115 951 1272 986 alterum
1301 961 1433 985 consu·

179 1011 240 1036 ern
268 1007 503 1048 acceperunt,
523 1001 697 1036 nuncium
726 1000 913 1046 extemplo
940 1000 1099 1043 mittunt,
1119 1005 1278 1044 quantae
1306 1009 1432 1033 secum

164 1048 335 1096 peditum
364 1049 607 1096 equitumque
642 1048 770 1094 copiae
805 1054 940 1093 essent,
973 1047 1273 1091 sciscitatumque
1308 1045 1430 1092 simul,

166 1102 288 1132 utrum
314 1096 514 1132 Venusiam
546 1095 681 1131 adduci
710 1095 912 1130 exercitum
941 1106 987 1129 an
1018 1105 1168 1129 manere
1193 1093 1339 1139 juberet
1365 1093 1432 1128 Ca·

165 1144 274 1179 nusii.
326 1144 437 1179 Varro
464 1144 541 1191 ipse
560 1143 762 1178 Canusium
780 1143 904 1188 copias
923 1142 1092 1176 traduxit.
1145 1142 1191 1176 Et
1216 1140 1291 1187 jam
1309 1140 1435 1187 aliqua

166 1191 313 1238 species
339 1191 542 1226 consularis
570 1190 754 1225 exercitus
781 1196 881 1234 erat,
909 1190 1176 1235 moenibusque
1204 1200 1243 1223 se
1272 1195 1383 1235 certe,
1403 1188 1433 1223 si

167 1249 239 1274 non
255 1239 377 1285 armis,
396 1239 444 1274 ab
462 1238 566 1273 hoste
583 1237 801 1272 videbantur
818 1237 1018 1272 defensuri.

215 1286 370 1322 Romam
398 1297 445 1321 ne
473 1285 540 1321 has
565 1285 717 1331 quidem
742 1284 915 1330 reliquias
932 1294 1123 1330 superesse
1151 1283 1292 1318 civium
1320 1283 1433 1318 socio-

167 1344 332 1381 rumque,
352 1333 419 1369 sed
443 1332 633 1368 occidione
650 1332 829 1367 occisum²
845 1343 931 1367 cum
960 1331 1104 1366 duobus
1132 1330 1345 1366 consulibus
1372 1342 1434 1366 ex·

168 1382 323 1416 ercitum
341 1380 557 1427 deletasque
575 1390 704 1415 omnes
728 1380 852 1426 copias
876 1379 1029 1414 allatum
1049 1380 1178 1414 fuerat.
1229 1379 1431 1424 Nunquam

169 1429 273 1464 salva
300 1429 390 1464 urbe
424 1435 567 1463 tantum
601 1427 746 1473 pavoris
780 1427 1029 1473 tumultusque
1065 1427 1156 1461 intra
1189 1427 1335 1461 moenia
1367 1426 1434 1462 Ro-

168 1487 280 1512 mana
304 1476 384 1512 suit.
435 1476 563 1521 Itaque
590 1474 831 1510 succumbam
859 1475 968 1519 oneri,
990 1485 1110 1520 neque
1136 1473 1328 1518 aggrediar
1355 1485 1434 1508 nar-

169 1535 259 1570 rare,
279 1535 374 1571 quae
403 1522 655 1558 edissertando
684 1522 823 1556 minora
852 1533 937 1556 vero
965 1521 1098 1556 secero.
1151 1521 1306 1555 Consule
1333 1532 1435 1556 exer-

170 1571 319 1618 cituque
360 1570 408 1606 ad
442 1570 699 1606 Trasimenum
742 1569 860 1615 priore
893 1580 987 1604 anno
1028 1568 1164 1603 amisso
1197 1579 1268 1602 non
1301 1567 1436 1603 vulnus

171 1630 281 1666 super
298 1618 442 1665 vulnus,
461 1617 528 1654 sed
555 1617 753 1663 multiplex
771 1617 923 1657 clades,³
939 1627 1026 1651 cum
1053 1615 1197 1650 duobus
1224 1615 1436 1651 consulibus

171 1667 244 1702 duo
263 1666 475 1702 consulares
503 1666 687 1700 exercitus
715 1664 841 1699 amissi
867 1663 1145 1708 nunciabantur,
1164 1674 1234 1697 nec
1259 1662 1333 1698 ulla
1359 1663 1436 1709 jam

171 1721 293 1749 castra
326 1714 492 1750 Romana
525 1724 595 1748 nec
627 1712 763 1747 ducem
797 1723 867 1746 nec
895 1711 1055 1746 militem
1089 1721 1181 1755 esse,
1216 1710 1436 1745 Hannibalis

172 1761 359 1809 Apulium,
394 1761 586 1796 Samnium
618 1771 662 1794 ac
693 1759 768 1806 jam
804 1770 915 1805 prope
949 1765 1064 1793 totam
1097 1757 1242 1792 Italiam
1284 1757 1435 1792 factam.

172 1809 286 1845 Nulla
303 1808 465 1856 profecto
482 1808 554 1843 alia
570 1819 662 1854 gens
679 1813 780 1842 tanta
809 1807 906 1842 mole
933 1806 1049 1841 cladis
1076 1817 1147 1840 non
1171 1804 1301 1840 obruta
1326 1811 1436 1840 esset.

173 1857 387 1904 Compares⁴
419 1856 565 1892 cladem
608 1855 655 1890 ad
698 1856 863 1900 Aegates
902 1853 1040 1889 insulas
1080 1852 1437 1899 Carthaginiensium

215 1979 225 1997 ¹
241 1976 274 2006 A
290 1974 388 2006 noble
405 1973 482 2013 help
499 1973 531 2005 in
547 1974 628 2004 time
643 1972 682 2004 of
699 1971 796 2008 need,
815 1970 911 2008 such,
931 1970 1062 2006 indeed,
1081 1980 1118 2002 as
1135 1969 1234 2001 could
1250 1969 1336 2000 have
1351 1969 1439 2000 been

175 2014 338 2060 expected
354 2014 408 2046 onl
448 2013 532 2060 from
548 2025 567 2045 a
583 2013 715 2058 Roman
733 2012 864 2052 colony,
884 2011 1036 2043 whereas
1053 2011 1229 2043 Canisium
1245 2020 1315 2041 was
1330 2019 1436 2041 mere-

176 2054 419 2128 ιγ’ἃὸὲὲἕᾱῗοῖπὲ
439 2053 790 2139 ξσὲιέιιίιῖῗεα(ἓ1ξζιὲἓὲῐὲῗ>ζ
809 2094 853 2125 ad
874 2093 1123 2138 {nter-necionem
1144 2092 1254 2128 occidi,
1273 2091 1316 2122 ad
1338 2101 1439 2122 unum

175 2148 296 2173 omnes,
319 2140 326 2152 ¹
338 2142 372 2167 to
388 2136 430 2167 be
446 2134 571 2174 utterly
587 2133 803 2169 anmhssated,
823 2133 907 2164 slam
924 2140 959 2164 to
975 2143 994 2164 a
1009 2133 1110 2164 man!
1252 2139 1257 2143 ”

217 2178 230 2196 ³
245 2180 253 2194 ‘
264 2177 296 2208 A
314 2176 413 2207 much
429 2182 560 2216 greater
575 2174 708 2206 defeat.'
756 2173 921 2212 Compare
937 2173 1032 2212 chap.
1049 2176 1080 2209 7,
1099 2183 1129 2212 p.
1147 2174 1220 2208 275,
1238 2177 1316 2202 note
1333 2173 1363 2202 5.

218 2218 230 2236 ⁴
246 2216 352 2248 ‘Will
375 2226 442 2256 you
464 2216 656 2255 compare?y
683 2214 753 2245 that
777 2214 818 2251 is,
847 2214 936 2245 ‘will
959 2224 1024 2252 any
1046 2223 1108 2244 one
1131 2211 1321 2252 compare!¹
1373 2210 1439 2242 See

181 2257 292 2289 Gram.
309 2257 328 2290 ὖ
344 2258 415 2289 349.
462 2257 512 2287 As
529 2263 563 2287 to
580 2255 636 2286 the
653 2255 845 2286 distinction
869 2255 1023 2285 between
1040 2254 1206 2293 vectigalis
1230 2252 1293 2284 and
1315 2253 1363 2283 st'
1385 2263 1438 2282 en-

178 2299 306 2334 diarus,
325 2307 382 2328 see
400 2297 466 2328 xxi.
484 2298 536 2333 41,
556 2306 586 2335 p.
604 2297 677 2332 236,
697 2302 774 2326 note
790 2297 819 2326 6.
865 2294 968 2330 Here,
987 2294 1155 2329 however,
1175 2292 1241 2324 this
1258 2292 1285 2324 is
1301 2299 1356 2323 not
1384 2291 1442 2331 ing

179 2339 239 2370 but
253 2348 273 2369 a
287 2337 431 2377 heaping
447 2336 601 2377 together
616 2335 654 2368 of
671 2335 794 2373 words,
812 2334 904 2366 since
927 2334 984 2366 the
1002 2333 1262 2373 Carthaginians
1277 2331 1388 2369 could,
1407 2332 1441 2364 in
