1507 2492
691 93 817 120 mnan
837 94 878 120 11.
1340 85 1415 122 109

148 169 352 217 occupandi
370 167 523 204 consilia
540 168 677 211 inisset,
696 174 821 213 gratae
841 167 878 202 in
895 166 1027 212 vulgus
1044 168 1146 213 leges
1159 167 1271 202 suere.
1315 167 1416 206 Quas

149 229 237 253 cum
263 217 361 252 solus
388 216 605 262 pertulisset,
626 223 664 250 ut
689 227 756 250 sua
781 216 889 250 unius
914 215 947 249 in
976 215 1033 250 his
1058 216 1175 261 gratia
1201 224 1308 260 esset,
1337 224 1416 250 tum

151 263 288 300 deinde
321 263 470 299 comitia
503 263 668 308 collegae
702 262 930 307 subrogando
964 262 1101 298 habuit.
1169 263 1321 297 Creatus
1354 263 1413 308 Sp.

149 311 340 347 Lucretius
372 311 510 350 consul,
538 312 598 356 qui
635 322 766 354 magno
800 319 897 355 natu,
935 323 1003 345 non
1037 310 1305 345 sufficientibus
1337 311 1413 356 jam

149 358 288 394 viribus
318 357 364 393 ad
399 358 602 393 consularia
640 369 793 392 munera
825 358 1004 399 obeunda,
1043 359 1131 392 intra
1169 369 1302 403 paucos
1335 358 1415 392 dies

148 408 309 441 moritur.
361 405 544 440 Suffectus
571 406 604 440 in
633 405 788 439 Lucretii
816 405 934 439 locum
963 405 1016 439 M.
1037 405 1204 439 Horatius
1223 405 1412 439 Pulvillus.

134 452 259 498 ‘Apud
276 453 452 498 quosdam
474 459 616 487 veteres
632 459 798 486 auctores
822 464 891 486 non
921 453 1064 486 invenio
1094 452 1301 486 Lucretium
1332 464 1414 486 con-

148 501 292 545 sulem‚·
320 500 425 535 Bruto
446 501 566 534 statim
595 499 782 534 Horatium
811 506 1027 544 suggerunt:
1057 499 1175 544 credo,
1204 499 1289 544 quia
1317 499 1415 534 nulla.

148 554 254 592 gesta
273 559 328 581 res
346 548 527 592 insignem
547 547 671 581 fecerit
695 546 935 591 consulatum5
957 547 1134 581 memoria
1162 547 1414 581 intercidisse.¹

148 594 321 630 Nondum
355 594 525 629 dedicata
558 601 634 628 erat
670 595 704 628 in
739 594 913 638 Capitolio
946 595 1045 629 Jovis
1078 593 1210 627 aedes:
1247 593 1416 628 Valerius

149 641 391 687 Horatiusque
420 641 588 675 consules
620 641 746 684 sortiti,
782 648 860 674 uter
893 641 1099 675 dedicaret:
1141 641 1285 674 Horatio
1318 647 1414 675 sorte

149 688 285 723 evenit.
338 688 524 723 Publicola
549 688 594 722 ad
621 688 832 722 Veientium
859 687 993 722 bellum
1014 687 1207 734 profectus.
1260 689 1415 732 Aegrius

148 747 258 782 quam
286 735 439 779 dignum
474 742 560 778 erat,
591 735 705 769 tulere
742 735 875 768 Valerii
911 736 1105 769 necessarii
1141 735 1413 769 dedicationem

149 788 226 818 tam
258 782 369 817 incliti
405 782 530 828 templi
567 782 711 816 Horatio
739 782 828 816 dari.
880 782 920 816 Id
954 782 1124 817 omnibus
1154 783 1271 816 modis
1300 782 1413 827 impe·

129 829 226 866 ,dire
255 830 384 871 conati,
417 836 611 876 postquam
644 829 716 863 alia
750 828 879 863 frustra
913 836 1090 874 temptata
1122 837 1234 874 erant,
1270 837 1412 875 postem

151 876 228 923 ¹jam
262 877 414 912 tenenti²
439 877 579 911 consuli
611 876 756 910 foedum
789 876 881 910 inter
907 877 1155 922 precationem
1183 878 1295 911 deum
1325 889 1412 911 nun·

148 924 236 959 tium
257 924 444 969 incutiunt,
465 931 647 958 mortuum
665 923 744 969 ejus
769 923 886 958 filium
913 936 1006 969 esse7
1025 923 1241 970 funestaque
1261 924 1414 958 familia³

147 971 319 1006 dedicare
343 983 427 1006 eum
448 971 624 1017 templum
655 983 722 1005 non
751 983 867 1016 posse.
920 972 1011 1015 Non,
1040 971 1234 1006 crediderit
1262 972 1411 1017 sactum,

147 1029 191 1053 an
228 1025 367 1053 tantum
404 1019 526 1053 animo
561 1018 694 1054 roboris
728 1018 847 1057 fuerit,
882 1030 950 1053 nec
984 1019 1132 1052 traditur
1165 1026 1304 1053 certum
1345 1030 1414 1053 nec

148 1065 393 1111 interpretatio
412 1072 466 1100 est
486 1065 616 1100 facilis.
668 1064 770 1100 Nihil
797 1064 897 1100 aliud
923 1064 970 1099 ad
997 1077 1082 1100 eum
1110 1067 1278 1100 nuntium
1297 1077 1318 1099 a
1336 1077 1413 1111 pro·

147 1113 265 1159 posito
287 1124 449 1157 aversus,
469 1124 579 1158 quam
606 1119 645 1147 ut
673 1112 831 1146 cadaver
856 1112 977 1146 efferri
1003 1112 1158 1158 juberet,
1180 1120 1308 1147 tenens
1334 1124 1413 1158 pos-

148 1165 222 1194 tem
258 1160 507 1205 precationem
540 1161 679 1205 peragit
714 1168 749 1193 et
778 1159 925 1193 dedicat
961 1159 1151 1205 templum.
1205 1160 1305 1194 Haec
1334 1165 1412 1205 post

148 1213 296 1241 exactos
322 1217 426 1251 reges
454 1206 552 1240 domi
583 1207 807 1251 militiaeque
833 1213 936 1251 gesta
963 1206 1079 1250 primo
1101 1217 1207 1241 anno.
1258 1207 1347 1242 Inde
1371 1207 1411 1242 P.

148 1253 315 1288 Valerius
333 1254 476 1298 iterum,
496 1254 538 1288 T.
561 1253 748 1288 Lucretius
766 1253 936 1287 consules
954 1253 1050 1287 sacti.

196 1304 229 1335 9.
262 1301 344 1336 Jam
379 1301 563 1346 Tarquinii
597 1300 641 1335 ad
678 1301 838 1335 Lartem⁴
872 1301 1105 1345 Porsennam5
1135 1301 1325 1336 Clusinum
1358 1313 1412 1336 re-

146 1359 245 1393 gem,
264 1347 509 1393 perfugerant.
561 1347 613 1382 Ibi
641 1347 831 1382 miscendo
858 1348 1049 1382 consilium
1078 1359 1290 1394 precesque,
1315 1361 1412 1384 nunc

147 1395 307 1439 orabant,
328 1406 373 1429 ne
399 1405 449 1440 se,
477 1394 647 1429 oriundos
673 1407 719 1430 ex
746 1395 917 1440 Etruscis,
947 1395 1112 1440 ejusdem
1141 1397 1326 1439 sanguinis
1352 1408 1412 1430 no-

147 1442 340 1487 minisque,
360 1447 511 1486 egentes
534 1442 682 1476 exulare
708 1449 914 1487 pateretur;
942 1454 1036 1476 nunc
1063 1442 1259 1477 monebant
1286 1445 1410 1487 etiam,

147 1499 195 1522 ne
227 1489 403 1522 orientem
432 1499 571 1522 morem
602 1488 762 1533 pellendi
799 1500 904 1533 reges
937 1489 1090 1522 inultum
1127 1489 1282 1523 sineret:
1318 1490 1413 1524 Satis

148 1534 356 1569 libertatem
374 1535 492 1580 ipsam
520 1534 656 1568 habere
682 1535 908 1569 dulcedinis:
937 1536 1005 1569 nisi
1032 1543 1166 1580 quanta
1185 1538 1217 1569 vi
1245 1537 1413 1572 civitates

148 1592 231 1616 eam
258 1588 440 1627 expetant,
460 1588 560 1615 tanta
587 1593 695 1626 regna
723 1593 827 1626 reges
852 1581 1062 1626 defendant,
1090 1583 1239 1628 aequari
1266 1595 1412 1618 summa

148 1627 303 1673 infimis3
329 1628 421 1663 nihil
443 1628 644 1673 excelsum,
664 1628 753 1662 nihil
772 1628 866 1674 quod
893 1640 1001 1674 supra
1027 1635 1150 1663 cetera
1176 1630 1347 1675 emineat,
1375 1631 1411 1666 iu

139 1747 146 1753 =
189 1733 200 1751 ¹
216 1735 224 1749 ‘
238 1732 327 1763 That
343 1731 394 1763 his
411 1731 602 1770 consulship
618 1730 674 1762 fell
690 1738 746 1762 out
763 1731 801 1762 of
817 1732 926 1762 men's
951 1733 1123 1771 memory.’
1171 1732 1199 1762 It
1217 1733 1322 1772 might
1340 1733 1411 1764 also

149 1772 233 1804 have
264 1773 349 1803 been
372 1784 408 1803 ez·
433 1782 469 1803 or
494 1773 533 1802 de
557 1773 714 1802 memoria.
759 1771 797 1802 In
821 1772 854 1803 ii.
881 1774 931 1809 33,
962 1783 1011 1803 we
1039 1772 1105 1804 find
1127 1775 1278 1804 memoria
1299 1775 1407 1811 cessit,

152 1816 160 1830 ⁴
171 1812 312 1852 escaped
331 1812 438 1843 men‘s
454 1811 690 1843 recollection.’

187 1854 200 1872 ²
213 1853 242 1884 It
260 1853 288 1884 is
305 1852 490 1884 mentioned
510 1853 552 1890 by
571 1852 689 1883 Cicero
705 1852 738 1882 in
753 1851 804 1883 his
821 1852 941 1890 speech
965 1865 1022 1893 pro
1036 1855 1135 1887 domo,
1155 1853 1248 1892 chap.
1266 1855 1319 1889 46,
1338 1854 1409 1885 that

148 1893 173 1924 it
190 1903 259 1924 was
274 1901 464 1931 customary
480 1891 529 1923 for
546 1891 600 1922 the
618 1902 736 1930 person
753 1892 902 1932 engaged
919 1893 951 1923 in
964 1894 1193 1934 consecrating
1205 1905 1224 1924 a
1237 1894 1359 1933 temple
1376 1902 1410 1926 to

147 1933 227 1964 take
245 1933 319 1964 hold
336 1933 439 1964 ufthe
456 1932 655 1970 door-posts.

187 1973 200 1991 ³
214 1974 244 2004 A
262 1973 374 2012 family
393 1973 608 2012 wassunesta
621 1982 658 2003 so
671 1971 748 2012 long
761 1982 797 2004 as
810 1972 866 2004 the
879 1972 962 2004 dead
975 1973 1064 2012 body
1076 1973 1114 2004 os
1124 1984 1185 2004 one
1199 1973 1236 2004 os
1247 1974 1288 2005 its
1302 1985 1406 2006 mem·

149 2016 224 2044 bers
242 2013 294 2052 lay
310 2013 342 2044 in
360 2013 414 2044 the
431 2013 545 2043 house.

188 2052 283 2084 *Lar
303 2063 340 2084 or
354 2052 453 2089 Lars,
472 2063 546 2092 gen.
564 2051 689 2087 Lartis,
709 2052 736 2083 is
758 2053 914 2092 regarded
939 2054 983 2092 by
1003 2054 1132 2084 ancient
1157 2055 1284 2085 writers
1308 2064 1343 2084 as
1367 2065 1409 2085 an

149 2091 315 2124 Etruscan
326 2103 536 2132 praenomen.
553 2092 615 2122 and
633 2093 664 2122 in
681 2092 724 2123 iii.
739 2095 777 2123 64
794 2103 842 2124 we
857 2093 923 2124 find
937 2104 955 2124 a
974 2093 1102 2124 Roman
1119 2093 1222 2124 called
1242 2094 1306 2124 Lar
1323 2094 1406 2125 Her-

148 2133 281 2164 minius.
326 2133 357 2164 It
375 2133 402 2164 is
419 2132 586 2171 probable.
607 2132 772 2168 however,
792 2133 861 2163 that
879 2133 934 2164 the
951 2134 1040 2164 word
1059 2145 1172 2165 means
1198 2139 1205 2149 ‘
1222 2133 1316 2168 lord‚'
1344 2134 1408 2165 and

149 2173 219 2204 that
243 2173 297 2203 the
319 2183 414 2204 name
431 2172 468 2204 of
480 2172 534 2203 the
553 2172 733 2203 bousehold
749 2173 832 2211 gods
847 2173 951 2204 ofthe
970 2174 1129 2208 Romans,
1149 2173 1263 2206 Lares.
1283 2174 1310 2204 is
1327 2184 1402 2204 con-

147 2212 265 2244 nected
289 2213 369 2244 with
393 2213 428 2244 it.
474 2213 574 2243 Some
598 2212 840 2251 etymologists‚
858 2213 958 2253 going
980 2214 1048 2244 still
1065 2214 1196 2248 further,
1215 2214 1325 2244 derive
1350 2213 1406 2245 the

151 2251 290 2292 English
308 2253 397 2284 word
414 2252 528 2288 ‘lord,’
548 2251 610 2282 aud
634 2252 689 2282 the
714 2252 834 2284 Scotch
862 2259 868 2269 ⁴
885 2253 983 2285 laird'
1009 2254 1093 2285 from
1109 2253 1189 2284 Lar.
1236 2252 1402 2291 Clusium,

148 2301 224 2324 now
241 2292 371 2330 Chirrsi,
390 2304 432 2324 an
447 2292 557 2324 inland
573 2292 636 2323 and
651 2303 732 2324 once
748 2293 908 2332 powerful
924 2294 1090 2326 Etruscan
1106 2302 1206 2325 town.
1236 2309 1240 2311 >
