1539 2508
118 104 198 140 342
665 115 701 140 T.
731 114 845 141 mvn.

116 189 299 236 prosecuti
326 195 420 224 sunt.
472 188 576 224 Unus
593 200 639 224 ex
657 189 700 225 iis
717 189 871 224 domum
888 188 989 236 abiit,
1009 189 1106 236 quod
1125 187 1248 225 fallaci
1266 189 1384 226 reditu

116 239 154 272 in
185 243 305 272 castra
345 236 580 282 jurejurando
623 248 663 272 se
698 237 942 272 exsolvisset.¹
993 236 1097 276 Quod
1131 236 1197 273 ubi
1231 237 1386 273 innotuit

116 285 349 330 relatumque
378 284 424 318 ad
453 291 622 319 senatum
649 290 717 331 est,
745 295 874 319 omnes
899 290 1119 320 censuerunt
1145 284 1385 332 comprehen-

115 332 280 367 dendum
300 338 334 366 et
354 331 570 366 custodibus
595 332 741 378 publice
768 332 863 367 datis
887 331 1149 367 deducendum
1174 332 1221 368 ad
1248 332 1384 368 Hanni-

115 380 240 415 batem
259 391 353 414 esse.

165 428 229 462 Est
257 435 292 462 et
318 427 392 461 alia
417 426 464 461 de
489 427 646 472 captivis
672 428 782 473 sama,
810 427 943 462 decem
970 427 1107 473 primos
1133 427 1304 473 venisse3
1336 427 1384 463 de

115 475 171 510 eis
196 487 280 510 cum
300 474 505 510 dubitatum
535 477 571 510 in
597 482 726 510 senatu
753 481 860 521 esset,
884 474 1163 510 admitterentur
1189 474 1227 510 in
1253 475 1384 511 urbem

114 534 184 558 nec
217 535 274 569 ne,
312 523 360 557 ita
393 522 574 557 admissos
605 534 699 570 esse,
728 523 789 558 ne²
811 529 934 558 tamen
965 523 1009 557 iis
1041 528 1191 557 senatus
1223 521 1382 557 daretur.

114 570 349 606 Morantibus
374 570 510 606 deinde
540 571 683 616 longius
711 571 876 606 omnium
906 581 982 617 spe,
1009 570 1100 605 alios
1134 576 1208 605 tres
1235 570 1385 617 insuper

114 618 254 664 legatos
280 619 436 664 venisse,
466 619 506 653 L.
535 618 764 654 Scribonium
791 625 826 653 et
845 619 882 653 C.
903 618 1144 665 Calpurnium
1161 625 1198 653 et
1216 617 1255 653 L.
1275 617 1383 653 Man-

113 666 219 701 lium.
270 667 366 702 Tum
385 666 537 701 demum
564 666 611 701 ab
638 674 792 712 cognato
818 666 995 701 Scribonii
1021 666 1165 701 tribuno
1191 665 1311 712 plebis
1335 664 1383 700 de

114 713 337 749 redimendis
354 715 508 760 captivis
534 714 689 749 relatum
716 725 810 761 esse,
839 725 909 749 neo
935 714 1122 749 censuisse
1149 713 1385 748 redimendos

114 768 305 808 senatum3
340 768 376 796 et
403 773 515 797 novos
542 762 681 807 legatos
710 768 784 797 tres
815 762 862 796 ad
897 761 1144 797 Hannibalem
1172 760 1382 807 revertisse,

112 810 246 845 decem
273 816 419 844 veteres
445 811 675 856 remansisse,
704 810 800 856 quod
826 821 891 856 per
917 821 1068 845 causam
1096 809 1384 854 recognoscendi

112 859 264 893 nomina
297 858 522 904 captivorum
554 858 601 892 ad
630 857 878 893 Hannibalem
908 869 955 892 ex
984 858 1111 892 itinere
1141 857 1296 902 regressi
1329 867 1383 891 re-

114 905 244 951 ligione
263 917 345 940 sese
364 906 616 940 exsolvissent.
669 906 723 940 De
742 905 787 940 iis
799 905 981 941 dedendis
1000 915 1134 950 magna
1150 904 1384 939 contentione

113 959 237 989 actum
252 954 287 988 in
301 960 430 988 senatu
451 965 543 999 esse,
559 954 747 999 victosque
762 953 890 999 paucis
907 953 1097 987 sententiis
1114 952 1178 998 qui
1196 951 1386 987 dedendos

113 1002 332 1036 censuerint.
384 1002 555 1037 Ceterum
574 1002 749 1047 proximis
766 1000 975 1036 censoribus
992 999 1084 1035 adeo
1101 999 1273 1035 omnibus
1289 1000 1386 1034 notis

114 1049 397 1095 ignominiisque
431 1048 619 1084 confectos
652 1060 746 1091 esse,
786 1055 825 1083 ut
866 1048 1017 1094 quidam
1059 1059 1183 1082 eorum
1227 1053 1386 1083 mortem

114 1097 183 1132 sibi
211 1098 279 1144 ipsi
306 1097 492 1143 extempio
519 1097 774 1142 conseiverint,
803 1097 914 1131 ceteri
944 1107 1012 1131 non
1037 1095 1113 1130 foro
1139 1095 1257 1130 solum
1284 1095 1386 1130 omni

115 1145 250 1180 deinde
286 1145 368 1192 vita,
401 1145 463 1179 sed
495 1156 606 1191 prope
641 1144 724 1179 luce
758 1156 802 1178 ac
831 1143 978 1190 publico
1008 1143 1204 1178 caruerint.
1256 1142 1386 1178 Mirari

114 1193 234 1239 magis
263 1193 356 1227 adeo
384 1193 594 1240 discrepare
624 1193 716 1227 inter
743 1192 939 1239 auctores?
967 1203 1080 1238 quam
1108 1190 1197 1238 quid
1226 1190 1305 1226 veri
1339 1191 1387 1226 sit

115 1241 325 1276 discernere
345 1252 470 1287 queas.

163 1289 307 1327 Quanto
324 1296 448 1323 autem
468 1287 585 1334 major
603 1299 648 1322 ea
665 1287 792 1322 clades
809 1286 1057 1333 superioribus
1074 1285 1244 1322 cladibus
1261 1285 1383 1332 suerit,

116 1337 176 1372 vel
219 1337 311 1372 fides
354 1336 493 1371 indicat
539 1336 730 1379 sociorum,
776 1347 871 1381 quae
916 1334 963 1369 ad
1010 1346 1093 1369 eam
1138 1334 1241 1369 diem
1282 1333 1389 1369 firma

117 1390 278 1431 steterat,
311 1390 391 1419 tum
417 1384 540 1418 labare
567 1384 698 1429 coepit,
726 1383 826 1417 nulla
852 1383 1013 1429 profecto
1038 1382 1111 1416 alia
1135 1381 1182 1417 de
1208 1393 1247 1417 re
1276 1393 1390 1428 quam

116 1432 213 1479 quod
239 1432 522 1479 desperaverant
548 1431 594 1465 de
622 1431 784 1477 imperio.
838 1430 1017 1466 Defecere
1039 1436 1167 1465 autem
1184 1429 1229 1464 ad
1249 1429 1392 1465 Poenos

117 1480 156 1515 hi
183 1480 318 1527 populi,
345 1479 519 1525 Atellani,
549 1479 716 1524 Calatini,
747 1479 900 1525 Hirpini,
930 1477 1134 1524 Apulorum
1163 1489 1258 1524 pars,
1288 1476 1390 1512 Sam·

117 1529 215 1563 nites
248 1534 392 1574 praeter
426 1528 586 1573 Pentros,
623 1527 753 1562 Bruttii
785 1538 925 1572 omnes,
961 1526 1110 1571 Lucani,
1146 1532 1290 1572 praeter
1325 1525 1393 1560 hos

118 1576 307 1612 Uxentini⁴
332 1582 368 1610 et
402 1576 626 1610 Graecorum
652 1574 773 1610 omnis
798 1574 916 1609 ferme
942 1585 1014 1619 ora,
1042 1573 1242 1620 Tarentini,
1270 1573 1391 1608 Meta-

118 1625 269 1671 pontini,
304 1624 560 1659 Crotonienses
594 1623 787 1669 Locrique5
821 1629 858 1657 et
895 1621 1073 1668 Cisalpini
1115 1632 1246 1656 omnes
1281 1619 1392 1656 Galli.

163 1746 238 1776 ¹As
262 1751 295 1775 to
319 1744 385 1775 this
409 1743 635 1783 subjunctive,
662 1753 718 1773 see
747 1742 856 1773 Gram.
881 1741 899 1774 ᾗ
923 1743 1004 1779 354;
1037 1739 1102 1772 and
1131 1751 1167 1772 as
1190 1747 1225 1772 to
1247 1740 1304 1772 the
1327 1739 1393 1772 fact

123 1785 256 1817 alluded
273 1792 306 1816 to
323 1785 355 1815 in
372 1784 427 1815 the
445 1791 529 1820 text,
549 1793 704 1822 compare
720 1783 815 1821 chap.
833 1784 883 1813 53.

162 1825 252 1862 2Ιια,
283 1825 384 1856 ‘with
409 1825 464 1856 the
488 1824 631 1864 proviso'
658 1826 886 1860 rie—daretur,
920 1822 1012 1853 ‘that
1036 1831 1079 1854 an
1101 1821 1260 1854 audience
1282 1821 1321 1854 of
1337 1821 1394 1853 the

123 1874 237 1898 senate
255 1877 326 1897 was
342 1873 397 1896 not
415 1873 449 1896 to
466 1866 506 1896 be
524 1864 662 1905 granted
680 1864 795 1895 them.y

165 1908 177 1926 ³
196 1911 204 1924 ⁴
223 1907 296 1938 One
320 1916 380 1937 ean
403 1906 516 1937 rather
539 1905 674 1936 wonder
697 1906 767 1935 that
794 1903 888 1935 there
916 1903 944 1935 is
967 1902 1051 1934 such
1074 1913 1093 1934 a
1115 1901 1332 1943 discrepancy
1353 1901 1393 1934 of

125 1954 306 1979 statement
321 1957 442 1986 among
456 1946 510 1977 the
526 1946 716 1981 historiam,
733 1945 812 1976 than
828 1943 943 1975 decide
958 1945 1048 1975 what
1062 1943 1090 1974 is
1103 1943 1160 1974 the
1173 1943 1288 1975 truth.’
1327 1942 1395 1975 For

127 1999 178 2019 we
195 1999 253 2028 say
270 1988 377 2020 either
393 1989 576 2028 discrepant
593 1993 738 2018 auctores
751 1997 764 2022 ;
791 1996 838 2021 or,
858 1982 1107 2024 imoersonally,
1125 1985 1286 2030 discrepat
1308 1985 1396 2015 inter

126 2035 282 2060 auctores.
329 2031 378 2059 As
393 2035 426 2058 to
444 2028 500 2058 the
517 2034 709 2062 statement,
729 2036 882 2064 compare
902 2025 1020 2056 Cicero
1035 2026 1075 2056 de
1089 2025 1210 2065 officiis,
1230 2025 1274 2056 iii.
1291 2027 1341 2056 32.

168 2070 179 2087 ⁴
195 2069 367 2100 Uxentum
385 2076 453 2099 was
471 2079 490 2099 a
505 2075 595 2098 town
612 2068 644 2098 in
663 2066 829 2102 Calabria,
857 2066 911 2096 the
935 2065 1186 2097 south-eastern
1209 2065 1338 2096 district
1355 2063 1393 2096 of

129 2109 227 2148 Italy.
267 2109 474 2144 Surrentini,
491 2108 546 2139 tlte
561 2108 698 2147 reading
714 2108 746 2138 in
760 2107 815 2138 the
828 2106 984 2143 editions,
1001 2106 1028 2137 is
1042 2106 1222 2143 incorrect;
1247 2105 1298 2136 for
1314 2105 1394 2136 Sur-

128 2157 260 2182 rentum
277 2160 346 2180 was
363 2160 382 2180 a
398 2157 488 2180 town
505 2159 546 2180 on
570 2148 627 2179 the
650 2148 722 2187 Bay
739 2147 776 2179 os
797 2147 937 2187 Naples,
957 2146 1022 2178 and
1044 2145 1142 2178 could
1164 2155 1222 2177 not
1244 2145 1396 2186 possibly

130 2189 241 2221 desert
258 2197 292 2221 to
310 2189 477 2221 Hannibal
493 2196 524 2220 at
542 2189 608 2220 this
625 2189 716 2220 time.

171 2233 183 2249 ⁵
198 2231 311 2262 These
329 2230 400 2261 sour
418 2230 533 2261 Greek
549 2229 696 2261 colonies
709 2228 763 2266 did
780 2235 835 2260 not
853 2228 961 2260 throw
976 2227 1028 2259 off
1037 2227 1094 2258 the
1111 2226 1245 2258 Roman
1254 2226 1396 2258 alliance

132 2270 360 2310 immediately
373 2270 456 2302 after
473 2271 530 2301 the
546 2269 651 2301 battle
664 2269 701 2301 of
714 2269 861 2301 Cannae.
907 2268 1106 2304 Tarentum,
1122 2267 1253 2305 indeed,
1268 2267 1325 2300 did
1338 2273 1396 2299 not

132 2310 189 2342 sall
206 2312 275 2342 into
291 2311 491 2342 Hannibal's
507 2310 614 2342 hands
628 2310 677 2341 till
693 2310 750 2341 the
766 2320 845 2349 year
860 2311 920 2341 212
937 2319 1001 2340 B.c.
1016 2319 1024 2346 ;
1049 2308 1123 2340 that
1145 2308 1186 2345 is,
1203 2307 1278 2340 four
1299 2317 1395 2348 years

133 2350 337 2383 afterwards,
380 2351 541 2391 Defecere,
568 2350 745 2387 therefore,
770 2357 860 2382 rnust
888 2349 966 2382 here
989 2350 1031 2381 be
1057 2348 1260 2382 understood
1285 2348 1395 2381 rather
