1539 2508
100 80 176 117 104
641 91 678 116 T.
700 91 813 117 Livii.

94 176 221 210 regum
263 169 487 211 asportarent
529 175 596 210 res,
631 175 740 198 omne
775 164 810 198 id
845 170 990 210 tempus
1031 176 1118 200 cum
1158 165 1354 212 conjuratis

93 212 330 246 consultando
371 212 578 254 absumunt,
622 212 868 256 evincuntque
910 211 1086 257 instando,
1130 219 1167 246 ut
1210 213 1353 247 litterae

93 259 162 294 sibi
202 260 248 294 ad
290 259 505 303 Tarquinios
545 258 735 292 darentur:
779 270 864 292 nam
907 259 1012 293 aliter
1044 260 1118 304 qui¹
1153 259 1354 294 credituros

92 317 166 350 eos,
193 318 262 341 non
288 318 381 340 vana
407 305 454 338 ab
482 305 609 349 legatis
633 316 741 350 super
768 305 877 340 rebus
902 307 1010 340 tantis
1034 306 1185 341 afferri?
1236 307 1354 342 Datae

92 353 244 398 litterae,
280 361 317 387 ut
359 353 489 398 pignus
522 352 607 386 lidei
641 358 772 398 essent,
809 353 1043 388 manifestum
1080 354 1221 388 facinus
1255 353 1351 388 sece-

93 407 184 434 runt.
236 402 330 435 Nam
366 411 450 433 cum
493 399 607 444 pridie
649 410 759 445 quam
802 399 912 445 legati
944 400 990 434 ad
1024 401 1240 446 Tarquinios
1273 412 1351 446 pro-

91 447 349 490 ficiscerentur,
385 453 420 480 et
454 454 646 481 coenatum
683 446 771 480 sorte
805 447 901 492 apud
931 447 1098 482 Vitellios
1130 455 1237 493 esset,
1268 459 1351 482 con-

96 493 277 540 juratique
314 494 360 528 ibi
396 495 543 528 remotis
576 494 718 528 arbitris
752 494 865 528 multa
899 495 992 528 inter
1025 506 1064 529 se
1099 495 1146 529 de
1180 506 1284 541 novo,
1312 500 1351 530 ut

91 541 140 585 fit,
176 541 325 575 consilio
359 542 528 586 egissent,
557 552 763 575 sermonem
798 553 922 576 eorum
952 553 997 576 ex
1026 542 1140 576 servis
1168 553 1261 576 unus
1289 553 1351 576 ex-

90 589 198 633 cepit,
218 589 278 633 qui
305 589 381 634 jam
407 594 515 621 antea
542 588 577 622 id
606 594 769 622 senserat
795 590 876 633 agi:
905 588 969 622 sed
996 600 1081 623 eam
1106 589 1350 634 occasionem,

89 642 128 669 ut
163 636 303 671 litterae
344 636 471 680 legatis
512 634 692 681 darentur,
728 646 822 680 quae
855 636 1107 681 deprehensae
1142 647 1219 670 rem
1253 647 1352 670 coar-

88 694 200 727 guere
231 691 387 728 possent,
416 683 646 728 expectabat.
698 683 894 727 Postquam
923 682 1027 717 datas
1051 683 1173 727 sensit,
1203 694 1280 717 rem
1304 683 1352 719 ad

89 729 259 765 consules
283 730 426 764 detulit.
478 730 653 764 Consules
678 730 722 764 ad
751 729 1078 776 deprehendendos
1103 730 1244 774 legatos
1268 741 1351 765 con-

94 776 304 823 juratosque
340 777 491 823 profecti
524 777 631 812 domo
666 778 743 811 sine
779 778 937 812 tumultu
979 789 1056 812 rem
1097 789 1246 812 omnem
1288 788 1350 823 op-

90 835 267 870 pressere,
313 824 509 858 litterarum
554 824 734 869 imprimis
775 824 899 860 habita
941 835 1036 869 cura,
1072 836 1117 859 ne
1160 824 1352 858 intercide-

90 877 180 905 rent.
256 872 501 906 Proditoribus
550 871 735 916 extemplo
785 871 821 905 in
870 871 1017 906 vincula
1065 871 1255 917 conjectiS,
1304 871 1351 906 de

89 918 221 963 legatis
270 919 458 964 paululum
503 917 756 952 addubitatum
800 924 877 963 est3
928 924 964 952 et
1013 929 1238 964 quamquam
1280 918 1350 953 visi

89 972 172 1000 sunt
198 966 437 1011 commisisse,
457 972 496 1000 ut
522 964 682 999 hostium
705 965 783 999 loco
810 973 942 1012 essent,
960 965 1019 1012 jus
1037 972 1160 1000 tamen
1184 965 1353 1010 gentium

89 1013 212 1048 valuit.

138 1063 170 1093 5.
198 1061 252 1094 De
281 1059 386 1094 bonis
420 1060 539 1104 regiis,
567 1070 660 1104 quae
690 1059 806 1094 reddi²
834 1066 919 1094 ante
953 1065 1180 1105 censuerant,
1208 1070 1266 1094 res
1300 1059 1351 1094 in-

90 1113 191 1152 tegra
234 1107 386 1141 refertur
426 1107 471 1140 ad
518 1106 652 1141 Patres.
719 1107 788 1141 lbi³
829 1107 915 1141 victi
957 1107 1009 1141 ira
1043 1113 1194 1141 vetuere
1236 1106 1349 1153 reddi,

90 1161 240 1189 vetuere
274 1154 308 1188 in
345 1154 534 1200 publicum
571 1154 705 1198 redigi:
751 1153 953 1199 diripienda
986 1153 1086 1199 plebi
1127 1159 1210 1188 sunt
1252 1153 1350 1199 data,

89 1208 127 1236 ut
146 1203 326 1236 contacta⁴
354 1202 451 1246 regia
474 1200 608 1246 praeda
635 1213 738 1247 spem
764 1201 798 1235 in
827 1207 1044 1246 perpetuum
1071 1211 1157 1235 cum
1183 1201 1227 1234 iis
1252 1200 1354 1246 pacis

89 1250 283 1283 amitteret.
337 1251 435 1292 Ager
451 1248 740 1294 Tarquiniorum,
760 1248 822 1294 qui
850 1249 940 1282 inter
965 1247 1091 1282 urbem
1119 1259 1162 1282 ac
1187 1247 1352 1282 Tiberim

90 1297 168 1342 fuit,
188 1304 421 1331 consecratus
445 1296 555 1330 Marti
583 1296 738 1330 Martius
764 1295 897 1330 deinde
924 1306 1077 1341 campus
1102 1294 1197 1329 suit.⁵
1246 1294 1352 1329 Forte

91 1344 139 1379 ibi
175 1350 251 1378 tum
287 1355 394 1388 seges
428 1343 530 1377 farris
563 1343 693 1377 dicitur
726 1343 837 1377 fuisse
871 1349 1013 1377 matura
1046 1342 1171 1376 messi.
1232 1341 1353 1379 Quem

90 1392 210 1437 campi
246 1391 403 1425 fructum
438 1391 525 1436 quia
554 1390 760 1435 religiosum
790 1390 880 1424 erat⁶
907 1400 1135 1433 consumere,
1163 1389 1349 1423 desectam

90 1450 174 1472 cum
195 1445 392 1472 stramento
411 1445 575 1482 segetem
602 1449 736 1481 magna
753 1437 809 1470 vis
835 1436 1024 1471 hominum
1051 1435 1158 1470 simul
1189 1435 1353 1470 immissa

90 1485 258 1520 corbibus
284 1485 410 1519 fudere
438 1485 470 1519 in
499 1485 662 1519 Tiberim
689 1484 789 1518 tenui
818 1484 993 1518 fluentem
1021 1494 1125 1528 aqua,
1152 1489 1191 1517 ut
1217 1483 1351 1517 mediis

90 1532 273 1567 caloribus
307 1532 409 1566 solet.
461 1532 515 1566 Ita
549 1532 585 1566 in
614 1531 717 1566 vadis
750 1531 968 1565 haesitantis
994 1530 1166 1565 frumenti
1200 1541 1352 1564 acervos

90 1581 230 1614 sedisse
266 1580 373 1614 illitos
402 1579 507 1614 limo:
544 1579 702 1614 insulam
735 1578 819 1612 inde
853 1577 1040 1624 paulatim,
1067 1583 1105 1612 et
1136 1576 1229 1622 aliis,
1256 1588 1352 1622 quae

132 1692 142 1708 ¹
159 1694 165 1706 ‘
180 1690 292 1725 How‚’
318 1689 369 1720 old
395 1689 538 1720 ablative
562 1688 599 1719 of
616 1690 704 1728 quid.
753 1688 816 1718 See
844 1688 952 1718 Gram.
970 1686 988 1720 ὑ
1006 1689 1075 1723 118,
1095 1693 1183 1717 note.
1228 1685 1347 1726 Super,

91 1729 318 1768 immediately
343 1729 547 1764 afterwards
568 1729 594 1760 is
618 1728 698 1759 used
724 1728 755 1758 in
779 1728 834 1758 the
858 1738 956 1758 sense
979 1727 1017 1758 of
1033 1729 1082 1763 de,
1104 1725 1348 1765 ‘concerningl

92 1770 177 1801 This
195 1780 253 1800 use
270 1770 297 1799 is
315 1769 464 1800 confined
478 1769 597 1799 almost
615 1768 756 1807 entirely
768 1775 802 1798 to
813 1768 868 1798 the
881 1765 1009 1797 write'rs
1025 1765 1062 1797 of
1073 1766 1128 1796 the
1140 1766 1247 1796 Silver
1260 1766 1349 1805 Age.

131 1811 144 1828 ²
157 1809 356 1848 Equivalent
374 1816 407 1839 to
424 1811 595 1843 reddenda,
616 1808 724 1839 which
742 1808 769 1838 is
785 1807 840 1838 the
857 1807 1008 1845 ordinary
1024 1805 1260 1837 construction.

131 1851 142 1868 ³
157 1849 231 1880 The
249 1849 469 1887 manuscripts
486 1849 560 1879 read
578 1850 631 1885 ibi,
651 1847 761 1879 which
778 1853 865 1878 must
888 1848 928 1878 be
951 1845 1153 1877 understood
1175 1844 1213 1876 of
1230 1845 1344 1876 time=

92 1895 176 1920 tum:
204 1889 259 1919 the
277 1888 418 1919 editions
436 1889 518 1919 have
536 1890 596 1919 illi.
1341 1914 1345 1917 .

131 1932 143 1949 ⁴
158 1933 165 1945 ⁴
179 1928 573 1968 Touched⁷=particeps;
600 1939 646 1963 or,
667 1928 695 1958 if
713 1938 762 1959 we
779 1927 857 1958 take
875 1926 898 1957 it
914 1926 948 1957 in
962 1936 981 1957 a
995 1924 1060 1956 bad
1075 1935 1207 1956 sense:
1217 1925 1348 1965 infecta,

90 1971 327 2005 commaculata,
350 1973 357 1985 ‘
371 1968 537 2003 inlected,’
561 1968 730 1998 ‘stained.'

131 2011 142 2028 ⁵
158 2010 242 2048 Livy
261 2009 336 2039 thus
361 2015 517 2039 accounts
540 2007 590 2038 for
612 2009 668 2039 the
692 2018 787 2038 name
811 2007 848 2038 of
865 2007 921 2037 the
945 2005 1033 2045 large
1057 2004 1132 2036 field
1158 2004 1268 2036 where
1293 2005 1350 2037 the

93 2049 224 2081 Roman
241 2048 343 2088 youth
367 2048 530 2087 practised
555 2047 699 2087 military
715 2048 893 2083 exercises,
912 2046 976 2077 and
999 2045 1108 2076 where
1131 2044 1187 2075 the
1215 2044 1351 2077 Comitia

95 2090 300 2125 Centuriam,
320 2089 351 2119 in
368 2088 476 2119 which
494 2088 549 2118 the
567 2088 673 2118 whole
693 2087 823 2118 Roman
844 2086 960 2125 people
977 2095 1065 2116 were
1081 2084 1239 2123 arranged
1256 2095 1293 2116 as
1309 2096 1352 2128 ²¹¹¹.

91 2140 196 2168 army,
223 2139 309 2160 were
337 2129 424 2160 held.
470 2128 569 2158 Some
597 2135 732 2158 connect
760 2128 816 2158 the
844 2136 939 2157 name
963 2125 1043 2156 with
1063 2125 1129 2155 this
1154 2124 1250 2154 latter
1273 2124 1348 2155 fact.

92 2169 298 2200 Traditional
322 2169 449 2207 history
465 2168 608 2198 consists
632 2168 663 2198 in
680 2178 698 2197 a
714 2174 804 2206 great
829 2176 980 2197 measure
1003 2165 1040 2196 of
1059 2164 1114 2195 the
1137 2163 1352 2202 explanation

90 2209 128 2240 of
146 2219 294 2240 customs
310 2209 371 2240 and
390 2219 503 2239 names
519 2207 556 2238 of
574 2218 648 2238 men
665 2208 726 2237 and
744 2207 865 2244 places.

131 2250 143 2268 θ
159 2253 166 2266 ‘
181 2249 291 2280 'l'here
309 2260 378 2280 was
395 2260 413 2280 a
428 2248 585 2287 religious
601 2247 730 2285 scruple
744 2247 764 2278 :’
785 2247 939 2287 religioni
961 2251 1041 2279 erat.
1059 2245 1216 2280 because,
1234 2254 1272 2275 as
1293 2242 1351 2276 the

90 2287 169 2320 field
184 2289 248 2320 had
264 2290 348 2320 been
360 2287 572 2321 consecrated
587 2295 621 2318 to
638 2287 743 2324 Mars,
763 2286 818 2318 the
834 2297 912 2318 corn
927 2284 1091 2325 belonged
1105 2291 1140 2316 to
1154 2283 1235 2316 him.
