1539 2508
125 109 206 146 318
676 119 713 144 T.
738 119 852 145 mvn.

125 205 314 240 quaquam
347 205 411 240 par
445 193 578 229 Poenis
609 193 798 228 dimicatio
829 193 907 228 suit.
958 193 1018 229 Ad
1056 193 1158 229 mille
1192 198 1229 229 et
1263 194 1399 242 septin-

123 243 225 287 genti
267 244 377 287 caesi,
422 253 489 276 non
534 241 615 287 plus
655 248 806 276 centum
850 242 1098 277 Romanorum
1139 242 1399 290 sociorumque

121 290 280 324 occisis.¹
332 290 502 324 Ceterum
532 289 731 323 victoribus
765 289 883 323 effuse
918 289 1161 335 sequentibus
1186 297 1288 325 metu
1315 290 1399 326 insi-

121 336 264 371 diarum
292 337 432 372 obstitit
460 336 611 371 Paullus
639 336 778 381 consul,
807 336 914 382 cujus
947 347 990 371 eo
1018 336 1077 371 die
1104 337 1207 383 (nam
1233 337 1400 373 alternis²

121 383 399 430 imperitabant)
434 384 631 430 imperium
664 391 752 429 crat,
785 384 942 418 Varrone
978 384 1190 429 indignante
1223 396 1268 420 ac
1301 386 1398 421 voci-

121 430 264 466 ferante
291 432 468 467 emissum
496 432 638 466 hostem
667 443 688 465 e
716 431 896 477 manibus,
924 431 1188 478 debellarique,
1217 433 1252 467 ni
1275 444 1397 469 cessa-

120 484 201 514 tum
227 479 330 524 soret,
357 479 531 525 potuisse.
584 479 767 514 Hannibal
796 479 830 513 id
857 479 1035 514 damnum
1063 479 1162 514 haud
1189 481 1397 526 aegerrime

146 527 215 561 ati:
260 527 348 573 quin
391 527 510 573 potius
552 527 703 561 credere
748 527 848 562 velut
891 527 1110 562 inescatam³
1145 528 1396 564 temeritatem

137 575 305 609 erocioris
338 575 498 609 consulis
531 586 575 609 ac
606 586 781 609 uovorum
816 575 980 610 maxime
1007 575 1171 610 militum
1198 586 1293 611 esse.
1347 576 1397 612 Et

119 623 243 657 omnia
276 623 311 657 ei
347 622 508 657 hostiurn
536 623 634 657 haud
661 634 771 658 secus
796 634 907 669 quam
935 634 1001 657 sua
1028 629 1113 658 nota
1140 629 1264 658 erant:
1292 623 1397 659 dissi·

119 670 228 705 miles
260 670 522 716 discordesque
557 671 780 717 imperitare,
809 670 903 705 duas
935 681 1046 717 prope
1080 676 1204 717 partes
1236 671 1395 708 tironum

118 718 281 752 militum
309 719 343 753 in
371 719 534 753 exercitu
561 730 655 753 esse.
709 719 837 765 Itaque
864 718 988 753 locum
1014 726 1051 753 et
1077 725 1226 765 tempus
1252 719 1396 755 insidiis

118 771 247 812 aptum
282 777 322 800 se
356 765 493 801 habere
530 773 639 812 ratus,
668 773 776 802 nocte
812 767 976 813 proxima
1003 766 1094 802 nihil
1120 772 1266 813 praeter
1291 779 1395 803 arma

118 812 282 848 ferentes
308 826 439 849 secum
464 814 602 849 milites
626 815 776 859 ducenS,
800 821 921 849 castra
947 814 1058 861 plena
1082 815 1203 850 omnis
1228 815 1395 851 fortunae

144 861 289 896 ublicae
323 863 561 908 privataeque
596 862 789 908 relinquit3
825 868 997 908 transque
1031 863 1217 909 proximos
1250 869 1396 898 montes

117 872 226 944 iaeva
252 909 399 955 pedites
425 910 622 945 instructos
646 910 780 956 condit,
801 911 930 944 dextra
951 911 1105 956 equites,
1125 911 1395 957 impedimenta

117 967 184 1002 per
225 957 443 1003 convallem,
482 958 648 992 medium
692 959 852 1004 agmen,⁴
895 957 1062 1004 traducit,
1099 964 1137 993 ut
1179 959 1395 1005 diripiendis

117 1003 220 1039 velut
254 1005 409 1040 desertis
443 1005 530 1051 fuga
556 1005 785 1041 dominorum
820 1007 947 1041 castris
980 1012 1203 1052 occupatum
1238 1006 1393 1053 impedi-

118 1056 273 1098 tumque
302 1053 446 1088 hostem
472 1053 708 1100 opprimeret.
761 1053 884 1089 Crebri
912 1054 1028 1089 relicti
1057 1055 1093 1089 in
1123 1054 1253 1089 castris
1278 1054 1392 1101 ignes,

118 1106 158 1134 ut
184 1100 278 1135 fides
304 1101 420 1146 fieret,
448 1100 538 1136 dum
565 1102 643 1147 ipse
669 1101 814 1147 longius
847 1102 1008 1148 spatium
1036 1101 1124 1148 suga
1149 1102 1393 1149 praeciperet,

117 1146 212 1182 salsa
230 1149 390 1194 imagine
408 1155 622 1193 castrorum,
643 1150 737 1184 sicut
758 1149 916 1184 Fabium
942 1150 1060 1197 priore
1087 1161 1182 1185 anno
1202 1149 1396 1186 frustratus

117 1201 227 1242 esset,
248 1204 374 1231 tenere
393 1197 427 1231 in
449 1197 551 1231 locis⁵
568 1197 740 1231 consules
759 1197 932 1232 voluisse.

166 1247 224 1277 42.
254 1244 325 1279 Ubi
353 1244 481 1289 illuxit,
503 1244 707 1280 subductae
730 1245 847 1291 primo
874 1245 1078 1291 stationes‚⁶
1095 1245 1230 1281 deinde
1248 1246 1397 1294 propius

117 1290 341 1327 adeuntibus
375 1291 564 1327 insolitum
606 1292 796 1327 silentium
837 1292 1121 1328 admirationem
1155 1293 1255 1329 fecit.
1306 1295 1394 1330 Jam

117 1339 208 1374 satis
233 1346 422 1386 comperta
455 1339 652 1374 solitudine
680 1341 716 1374 in
743 1341 872 1375 castris
905 1352 1105 1376 concursus
1137 1341 1178 1377 fit
1211 1342 1258 1377 ad
1292 1353 1396 1389 prae-

117 1386 208 1421 toria
233 1387 438 1432 consulum,
459 1388 728 1422 nunciantium⁷
746 1387 873 1433 sugam
900 1388 1059 1424 hostium
1086 1389 1181 1424 adeo
1199 1389 1394 1437 trepidam,

117 1440 158 1468 ut
193 1434 441 1470 tabernaculis
476 1435 658 1470 stantibus
691 1443 810 1471 castra
846 1436 1094 1483 reliquerint;⁸
1126 1448 1273 1484 quoque
1307 1437 1397 1484 fuga.

117 1481 306 1517 obscurior
339 1489 448 1529 esset,
477 1483 625 1518 crebros
659 1484 773 1518 etiam
799 1483 944 1519 relictos
970 1484 1086 1530 ignes.
1137 1485 1284 1521 Clamor
1309 1485 1397 1521 inde

117 1536 218 1564 ortus
251 1536 290 1565 ut
333 1531 436 1576 signa
479 1530 630 1577 proferri
671 1531 852 1578 juberent,
889 1531 1142 1579 ducerentque
1184 1533 1231 1568 ad
1272 1544 1396 1581 perse·

117 1577 286 1624 quendos
318 1578 444 1614 hostes
476 1590 521 1614 ac
563 1579 726 1626 protinus
760 1586 881 1614 castra
914 1580 1135 1627 diripienda.
1187 1581 1236 1616 Et
1268 1581 1398 1617 consul

160 1723 170 1740 ¹
189 1725 197 1738 ‘
211 1721 327 1753 While
344 1728 400 1753 not
418 1732 509 1754 more
527 1722 608 1754 than
624 1734 643 1754 a
658 1723 810 1755 hundred
827 1723 865 1755 of
876 1724 932 1755 the
951 1724 1102 1756 Romans
1118 1725 1184 1757 and
1199 1725 1295 1758 allies
1310 1725 1394 1758 fell!

120 1761 206 1802 Livy
223 1761 412 1802 frequently
429 1774 506 1795 uses
530 1763 586 1795 the
611 1764 754 1795 ablative
779 1765 932 1796 absolute
957 1766 990 1796 in
1013 1765 1081 1798 this
1097 1776 1247 1803 manner,
1266 1766 1396 1807 merely

118 1810 154 1834 to
169 1810 309 1834 connect
326 1814 367 1834 an
384 1814 559 1844 accessory
576 1804 703 1841 clause,
723 1806 919 1837 sometimes
942 1816 1027 1838 even
1051 1816 1114 1838 one
1135 1807 1340 1848 embodying
1354 1818 1398 1839 an

119 1843 300 1883 objection‚
319 1843 462 1875 without
483 1852 515 1875 at
540 1845 584 1876 all
607 1846 687 1885 impl
715 1846 771 1886 ing
794 1857 812 1877 a
835 1846 1040 1885 precedenee
1064 1847 1098 1879 in
1119 1847 1214 1886 time,
1233 1847 1344 1880 which
1367 1848 1397 1880 is

119 1884 483 1956 gepgraglyzlceczntained
500 1886 535 1957 inl
551 1886 605 1918 the
623 1895 747 1959 perdect
765 1887 948 1941 participle.

212 1937 240 1957 01
257 1950 264 1956 .
305 1937 315 1956 l
354 1936 391 1956 us
447 1936 489 1956 On
506 1937 524 1956 a
541 1934 668 1958 [ersssste
709 1939 726 1958 a
741 1938 779 1959 'S-

159 1964 172 1983 ³
188 1965 353 1997 ‘Allured
369 1949 414 2005 b}
430 1966 487 1997 the
503 1967 571 1998 ban
589 1969 706 2003 (escam
729 1938 744 1967 ἃ

159 2006 172 2024 ⁴
185 2006 409 2045 Apposition:
439 2010 446 2022 ‘
461 2006 527 2037 like
545 2018 564 2038 a
580 2008 704 2039 middle
723 2009 788 2041 line
805 2009 843 2041 os
860 2009 998 2042 march.'

161 2047 174 2064 ⁶
190 2046 251 2077 ‘In
267 2046 353 2077 their
369 2046 490 2086 place,'
504 2061 536 2073 =
547 2050 622 2079 locis
640 2051 722 2081 suis.

161 2085 174 2104 ⁶
190 2089 197 2103 ‘
211 2086 314 2123 First,
328 2087 384 2118 the
401 2086 466 2118 fact
484 2087 554 2118 that
572 2089 627 2119 the
646 2089 910 2130 (Carthaginian)
927 2097 1081 2131 outposts
1093 2102 1184 2124 were
1197 2092 1398 2125 withdrawn

120 2127 253 2171 excited
270 2127 325 2158 the
342 2136 551 2159 amazement
563 2128 600 2160 of
611 2129 667 2160 the
683 2130 832 2163 Romans
845 2132 867 2169 ;’
886 2132 942 2163 the
956 2133 1129 2173 verbfecit
1145 2134 1302 2174 agreeiug
1314 2133 1398 2165 with

120 2172 164 2198 lts
181 2166 243 2198 last
260 2169 390 2207 subject
407 2170 588 2200 silentium..

161 2207 173 2224 ⁷
188 2207 366 2239 Governed
379 2210 424 2247 by
439 2220 628 2245 concursus,
653 2214 659 2226 ‘
673 2222 691 2241 a
707 2212 785 2243 rush
804 2213 854 2247 (os
871 2213 1024 2249 soldiers)
1040 2213 1118 2245 who
1134 2213 1228 2246 told.’

160 2247 174 2265 Β
187 2248 262 2279 The
279 2249 402 2287 perfect
421 2250 646 2288 subjunctive,
662 2250 851 2293 depending
867 2264 910 2284 on
927 2255 984 2285 the
1000 2261 1153 2293 presents
1167 2255 1398 2296 concur-suste

121 2286 187 2318 and
208 2290 466 2334 nuncia7ztimn,·¹
488 2290 555 2334 and
573 2301 623 2321 we
641 2291 726 2322 have
746 2292 975 2334 immediately
991 2294 1189 2327 afterwards
1205 2301 1299 2333 esset,
1317 2296 1363 2336 by
1378 2305 1399 2327 a

121 2335 203 2366 very
219 2329 348 2360 natural
365 2336 540 2360 transition
558 2331 626 2361 into
643 2331 698 2362 the
715 2333 870 2372 ordinary
887 2334 1058 2365 historical
1076 2342 1161 2374 past.
