1523 2524
619 101 746 128 Lista
776 101 881 128 xxii.
1309 90 1390 127 ³27

162 184 221 219 ⁵0.
255 179 358 217 uuo
390 184 448 215 est
481 189 605 232 pugna
637 176 850 221 Cannensis,
888 175 1042 212 Alliensi
1075 175 1172 210 cladi
1203 174 1393 210 nobilitate

114 239 192 279 pr,
220 234 388 265 ceterum
422 233 462 263 ut
492 226 576 272 illis,
606 236 704 273 quae
739 231 818 273 post
852 235 1016 270 pugnam
1050 223 1234 268 accidere,
1268 222 1394 268 levior,

114 276 202 361 Ptin
235 274 286 313 ab
318 274 425 311 hoste
459 281 747 325 aucmentum,
784 272 837 308 sio
870 279 992 317 strage
1033 271 1219 307 exercitus
1251 270 1397 316 gravior

130 323 343 371 oodiorque.
396 321 499 369 Fuga
526 332 687 368 namque
714 320 761 355 ad
781 319 917 356 Alliam
945 319 1038 354 sicut
1067 319 1196 355 urbem
1252 317 1396 363 rodidit,

116 371 170 409 ita
194 371 399 408 exercitum
427 370 609 405 servavit:
638 368 686 404 ad
713 369 859 404 Cannas
886 367 1090 413 fugientem
1117 377 1230 402 consu
1248 377 1310 401 em
1338 366 1399 400 vix

116 419 351 503 septuaginta
377 418 497 454 secuti
524 424 618 465 sunt,
637 416 792 452 alterius
817 415 1008 450 morientis
1033 425 1146 462 prope
1172 421 1269 449 totus
1295 424 1399 449 exer-

116 474 215 505 ottus
249 473 313 503 uit.

167 514 271 553 Binis
303 514 341 550 in
374 513 504 549 castris
536 524 622 549 cum
657 511 855 547 multitudo
889 510 1102 545 semiermis
1135 509 1216 545 sine
1241 506 1402 544 ducibus

118 569 216 599 esset
248 561 427 599 nuncium
445 564 508 608 qui
535 562 571 596 in
599 559 802 607 majoribus
827 566 931 594 erant
959 559 1122 601 mittunt,
1142 557 1231 593 dum
1251 555 1399 604 proelio,

118 610 205 647 dein
235 622 257 646 e
290 621 336 646 ex
372 609 512 645 laetitia
546 608 669 656 epulis
703 607 875 653 fatigatos
908 607 1015 653 quies
1057 613 1233 641 nocturna
1276 603 1402 640 hostes

121 664 317 707 premeret,
345 663 384 693 ut
410 657 458 693 ad
485 669 524 692 se
553 656 770 692 transirent:
807 665 879 689 uno
912 654 1060 700 agmine
1087 652 1290 688 Canusium
1322 650 1402 687 abi-

122 714 222 744 turos
246 717 340 742 esse.
396 705 488 742 Eam
509 704 733 740 sementiam
751 702 814 738 alii
834 709 946 737 totam
974 701 1181 748 aspernari:
1209 711 1274 735 cur
1299 699 1402 735 enim

122 754 215 802 illos,
234 754 296 802 qui
314 765 355 789 se
372 759 572 797 arcessant,
593 753 691 799 ipsos
715 762 786 786 non
807 750 960 794 venire‚²
976 761 1061 785 cum
1084 760 1204 796 aeque
1229 747 1403 794 conjungi

122 802 298 852 possent?
349 799 446 841 Quia
480 800 655 836 videlicet
699 798 808 845 plena
851 797 1008 833 hostium
1051 796 1175 832 omnia
1210 797 1244 831 in
1280 795 1403 831 medio

121 857 258 898 essent,
282 855 319 886 et
344 848 500 885 aliorum
525 859 638 895 quam
666 858 734 882 sua
759 857 909 892 corpora
936 852 1036 879 tanto
1063 843 1224 891 periculo
1251 842 1404 878 mallent

121 898 297 947 objicere.
349 896 443 932 Aliis
476 908 546 932 non
581 902 656 930 tam
684 895 868 929 sententia
894 892 1089 939 displicere
1117 903 1227 938 quam
1255 891 1406 926 animus

122 945 267 983 deesse.
321 943 360 981 Ρ.
387 943 625 991 Sempronius
658 942 864 977 Tuditanus
898 941 1064 975 tribunus
1098 940 1257 975 militum
1294 938 1405 985 ‘Capi

123 1005 211 1042 ergo
245 991 430 1031 mavultis'
459 992 576 1038 inquit
605 991 670 1026 ‘ab
695 990 912 1025 avarissimo
939 995 975 1023 et
1004 987 1260 1023 crudeliseimo
1287 986 1403 1033 hoste,

122 1041 388 1089 aestimarique
422 1041 546 1088 capita
573 1045 696 1074 vestm
730 1047 766 1072 et
794 1036 934 1083 exquiri
963 1036 1081 1082 pretia
1107 1035 1154 1070 ab
1182 1037 1405 1080 interrogan-

125 1089 234 1136 tibus,
263 1089 450 1126 Romanus
475 1088 568 1123 civis
593 1088 642 1121 sis
666 1098 712 1120 an
743 1085 893 1120 Latinus
927 1084 1059 1127 socius,
1087 1090 1124 1118 nt
1159 1094 1206 1118 ex
1233 1089 1296 1117 tua
1320 1093 1405 1118 con-

126 1136 283 1174 tumelia
315 1144 353 1172 et
394 1135 546 1172 miseria
587 1134 708 1170 alteri³
742 1132 857 1168 honos
897 1130 1114 1178 quaeratur!
1169 1130 1251 1165 Non
1289 1136 1339 1173 tu,
1374 1129 1405 1165 si

125 1185 279 1234 quidem
299 1184 339 1220 L.
359 1182 509 1220 Aemilii
536 1182 708 1226 consulis,
729 1181 791 1227 qui
820 1192 860 1214 se
887 1179 983 1214 bene
1011 1179 1101 1213 mori
1121 1190 1231 1224 quam
1253 1178 1406 1224 turpiter

128 1233 252 1269 vivere
279 1231 422 1277 maluit,
450 1237 487 1266 et
513 1236 565 1265 tot
592 1229 870 1264 fortissimorum
898 1228 1067 1270 virorum,
1096 1227 1158 1273 qui
1185 1227 1284 1261 circa
1316 1237 1405 1261 eum

125 1279 309 1317 cumulati
341 1279 476 1327 jacent,
504 1278 608 1313 cives
641 1277 759 1312 estis.⁴
809 1275 880 1311 Sed
910 1282 1110 1320 antequam
1146 1274 1317 1321 opprimit
1344 1273 1406 1309 lux

127 1328 341 1378 majoraque
375 1326 535 1363 hostium
576 1325 726 1372 agmina
767 1323 964 1370 obsepiunt
1008 1323 1086 1366 iter,
1122 1333 1188 1368 per
1230 1322 1306 1368 hos,
1341 1320 1406 1369 qui

127 1376 322 1413 inordinati
348 1382 462 1422 atque
489 1372 721 1419 incompositi
750 1371 965 1418 obstrepunt
1001 1370 1122 1417 ponis.
1152 1381 1405 1416 erumpamus.

130 1424 239 1463 Ferro
271 1432 385 1478 atque
411 1422 568 1458 audacia
595 1420 656 1456 via
682 1421 720 1456 fit
747 1420 917 1466 quamvis
950 1430 1014 1465 per
1047 1418 1231 1453 consertos
1256 1418 1408 1453 hostes.⁵

128 1473 253 1510 Cuneo
305 1471 429 1507 uidem
457 1469 526 1505 hoc
553 1469 677 1505 laxum
702 1474 814 1514 atque
842 1466 1000 1501 solutum
1028 1478 1174 1512 agmen,
1195 1473 1233 1501 ut
1260 1466 1288 1500 si
1317 1465 1408 1501 nihil

127 1520 260 1567 obstet,
307 1519 452 1567 isjicias.
506 1518 634 1564 Itaque
662 1517 712 1551 ite
739 1526 899 1560 mecum,
923 1514 985 1560 qui
1013 1521 1049 1548 et
1077 1520 1219 1548 vosmet
1247 1514 1346 1560 ipsos
1369 1519 1408 1548 et

130 1580 207 1605 rem
234 1566 423 1615 publicam
450 1565 592 1601 salvam
610 1563 747 1600 vultis.'
793 1562 902 1598 Haeo
927 1561 989 1596 ubi
1015 1561 1115 1596 dicta
1132 1560 1245 1605 dedit,
1265 1560 1408 1606 stringit

128 1616 305 1664 gladium,
324 1613 531 1661 cuneoque⁸
558 1613 654 1649 sacto
680 1623 744 1660 per
769 1610 914 1646 medios
934 1608 1032 1644 vadit
1060 1609 1195 1644 hostes.
1248 1609 1293 1644 Et
1319 1619 1408 1644 cum

171 1727 273 1760 ”riae
295 1724 443 1768 genitive
466 1723 505 1756 os
522 1722 716 1763 possession
739 1720 864 1756 (Grani.
883 1719 901 1753 9
917 1721 991 1752 278)
1014 1725 1069 1750 not
1094 1717 1331 1759 unsrequently
1347 1729 1405 1752 ex·

131 1778 265 1810 presses
280 1778 299 1800 a
314 1774 381 1799 sort
399 1765 436 1798 os
447 1763 583 1797 sencisul
600 1763 752 1797 relation.
771 1772 810 1806 as
826 1761 923 1792 here:
951 1764 959 1776 ⁸
971 1759 1092 1791 almost
1110 1759 1167 1791 the
1184 1759 1295 1791 whole
1311 1770 1407 1801 army

130 1808 251 1844 shared
268 1807 324 1840 the
341 1806 407 1839 sate
423 1805 462 1838 of
479 1805 536 1837 the
553 1804 669 1836 consul
687 1803 764 1834 who
779 1801 879 1833 died)

170 1852 184 1871 ⁸
196 1851 250 1882 As
266 1857 301 1881 to
317 1847 414 1880 those
431 1846 568 1878 indite-ct
587 1844 762 1885 questions
776 1841 886 1873 which
903 1851 957 1873 ure
974 1840 1157 1880 expressed
1173 1841 1218 1880 by
1235 1839 1291 1872 the
1307 1851 1405 1874 sccu-

130 1891 238 1938 sative
254 1888 337 1922 with
360 1888 416 1920 the
440 1886 615 1933 infinitive5
635 1895 691 1933 see
716 1884 828 1929 Grani..
846 1882 864 1916 ὓ
887 1884 960 1914 389.
1006 1881 1082 1914 The
1105 1881 1319 1921 subjunctive
1334 1881 1408 1914 also

131 1928 504 2014 mlgsstassieiffiohiiissf
516 1927 895 2000 sscissiiffliiissfssiss
907 1925 1024 2003 'might
1049 1962 1134 2002 hope
1151 1962 1222 1994 that
1238 1961 1407 1995 Hannibal

131 2011 243 2045 would
266 2010 374 2043 either
398 2010 442 2042 let
465 2009 535 2041 him
552 2007 632 2042 free.
651 2017 688 2038 as
705 2005 746 2037 he
764 2004 827 2036 had
844 2003 929 2035 done
952 2003 1037 2035 aster
1059 2003 1116 2035 the
1133 2002 1238 2034 battle
1254 2001 1293 2034 os
1311 2002 1407 2035 Lake

132 2052 354 2086 Trasimenus
371 2055 439 2086 (see
462 2048 557 2088 chop.
574 2050 619 2082 7),
638 2057 675 2078 οι·
690 2044 803 2077 would
826 2043 871 2076 fix
894 2055 914 2075 a
936 2043 1039 2075 lower
1055 2053 1187 2075 ransom
1204 2042 1253 2074 sor
1269 2042 1350 2078 him.
1369 2053 1408 2076 as

131 2092 212 2127 reali
241 2090 422 2138 ‚happened
435 2089 614 2127 (chaum).
647 2086 722 2132 The
738 2085 870 2117 Roman
883 2086 1035 2116 tribunus
1046 2085 1185 2116 militum
1197 2084 1224 2115 is
1234 2083 1408 2124 evidently

132 2144 192 2194 sp?
194 2143 272 2206 ιίῗοιῐνι
275 2141 365 2206 {Effice
368 2130 440 2209 ¹23¹?
441 2137 498 2202 thoe
508 2128 561 2200 11³²?
564 2135 843 2206 ffina‘gigrzgeasdin
891 2165 1005 2197 clause
1029 2164 1198 2211 meaning.
1217 2163 1250 2195 in
1267 2163 1405 2211 ‚realitffi

133 2221 192 2248 not
206 2223 270 2246 one
285 2222 419 2253 person,
437 2211 498 2243 but
514 2219 534 2241 a
548 2208 658 2240 whole
674 2207 774 2239 class.
855 2216 875 2238 o
891 2205 948 2237 the
965 2211 1001 2236 tu
1017 2204 1139 2245 supply
1154 2206 1188 2236 td
1199 2209 1350 2246 patrem.

174 2256 188 2275 ⁸
203 2258 212 2272 ¹
224 2252 387 2293 Thmugh
404 2250 555 2284 enemies
570 2259 650 2281 ever
664 2258 702 2280 so
718 2246 848 2287 thickly
864 2245 1043 2278 crowded.'

174 2296 188 2315 ⁸
200 2294 277 2327 The
299 2292 420 2326 author
449 2291 508 2323 has
537 2287 786 2327 inadvertemly
813 2286 910 2319 made
940 2296 960 2318 a
988 2285 1194 2318 hexameter.
1241 2283 1408 2326 Compare

137 2337 273 2376 zumpt.
291 2334 311 2369 §
325 2335 399 2366 819.
444 2331 541 2365 Dicta
555 2332 646 2367 dare,
665 2327 806 2369 poenieat
822 2327 871 2360 for
885 2328 1002 2359 dicere.
