1507 2492
656 66 784 94 tiaza
804 65 830 91 ι.
1324 46 1376 82 83

103 154 220 198 sium
251 149 374 188 omnia
406 158 526 191 onera:
554 155 650 191 quae
683 138 897 177 communia
930 134 1119 183 quondam
1153 131 1298 175 suerint,
1327 131 1379 165 in-

103 202 264 238 clinasse
282 199 318 235 in
336 196 512 244 primores
533 190 693 228 civitatis
706 190 727 227 ς’
752 186 949 223 instituisse
975 193 1142 227 censum,
1163 190 1201 215 ut
1229 178 1381 224 insignis

102 248 152 285 ad
170 246 349 284 invidiam
368 242 645 288 locupletiorum
675 239 816 272 fortuna
843 238 952 278 esset,
972 237 1009 266 et
1035 236 1162 277 parata
1189 226 1297 272 unde,
1315 225 1380 260 ubi

104 296 229 341 vellet,
248 292 498 339 egentissimus
517 289 720 333 largiretur.

154 347 213 380 48.
242 341 337 378 Huic
362 338 512 374 orationi
535 335 682 371 Servius
700 343 784 367 cum
807 326 1074 370 intervenisset,
1094 321 1235 370 trepido
1254 319 1382 356 nuntio

105 391 301 434 excitatus,
331 385 519 431 extemplo
553 396 575 418 a
609 380 790 416 vestibulo
825 377 947 412 curiae
977 384 1111 419 magna
1140 382 1231 405 voce
1263 365 1382 407 ‘Quid

105 438 203 484 hoc‚’
239 436 370 483 inquit,
404 430 610 478 ‘Tarquini,
642 430 691 463 rei
726 427 808 462 est?
843 436 916 471 qua
950 430 986 458 tu
1021 419 1178 456 audacia
1207 428 1268 452 me
1298 416 1382 450 vivo

109 497 239 523 vocare
271 495 385 520 ausus
409 493 452 516 es
478 481 604 516 Patres
629 483 691 511 aut
719 476 754 510 in
781 473 870 509 sede.
897 469 1086 506 considere
1113 478 1198 502 mea
1210 465 1237 500 ’ζ’
1289 463 1385 499 Cum

107 534 172 572 ille
190 532 362 569 ferociter
377 529 423 564 ad
444 528 548 570 haec,
569 538 608 560 se
628 524 740 571 patris
758 522 813 557 sui
831 529 957 555 tenere
976 516 1117 561 sedem,
1139 513 1254 550 multo
1272 522 1384 558 quam

107 593 258 618 servum
293 579 470 626 potiorem
504 575 621 610 tilium
658 572 754 617 regis
790 568 889 614 regni
920 565 1121 608 heredem3
1155 561 1246 597 satis
1280 558 1386 594 illum

108 629 171 666 diu
191 640 255 676 per
274 626 461 663 licentiam
489 622 703 658 eludentem
735 616 929 654 insultasse
954 611 1114 648 dominis
1127 611 1149 654 ;’
1174 609 1313 644 clamor
1338 605 1387 641 ab

109 677 300 724 utriusque
336 671 538 709 fautoribus
570 671 690 713 oritur,
727 674 762 701 et
797 674 996 699 concursus
1031 659 1153 706 populi
1196 656 1307 692 fiebat
1351 654 1387 690 in

110 726 262 770 curiam,
289 721 577 770 apparebatque,
608 723 840 762 regnaturum
871 711 933 757 qui
965 710 1125 744 vicisset.
1176 705 1272 740 Tum
1300 703 1387 738 Tar-

109 773 269 821 quinius,
290 775 509 807 necessitate
527 767 602 813 jam
624 766 702 811 ipsa
720 768 874 806 cogente
903 759 1032 793 ultima
1050 755 1198 799 audere,
1219 751 1334 787 multo
1352 756 1389 785 et

109 827 234 858 aetate
252 826 289 855 et
308 818 446 854 viribus
465 815 616 850 validior
635 812 797 847 medium
825 807 949 853 arripit
976 804 1154 847 Servium,
1174 801 1390 845 elatumque

111 881 133 905 e
161 869 263 905 curia
291 868 326 903 iu
357 865 566 901 inferiorem
598 858 755 908 partem³
786 867 848 903 per
876 854 1013 901 gradus
1039 851 1193 897 dejicit5
1228 846 1311 882 inde
1343 845 1390 880 ad

112 916 322 964 cogendum
350 920 521 949 senatum
550 910 582 945 in
610 907 751 943 curiam
780 903 883 939 redit.
938 901 994 937 Fit
1023 900 1108 944 fuga
1129 896 1224 943 regis
1249 893 1391 941 appari-

113 971 230 1002 torum
249 971 361 1010 atque
379 960 580 996 comitum:
611 957 688 1003 ipse
714 965 825 1001 prope
852 949 1051 994 exsanguis
1068 946 1116 981 ab
1135 945 1189 990 iis,
1209 944 1273 990 qui
1290 941 1393 977 missi

113 1013 163 1050 ab
192 1010 393 1058 Tarquinio
427 1007 634 1050 fugientem
668 999 855 1038 consecuti
890 1005 1003 1041 erant,
1034 994 1257 1030 interficitur.
1309 990 1392 1024 Cre-

114 1060 222 1106 ditur,
242 1061 329 1105 quia
355 1068 424 1092 non
450 1054 620 1090 abhorret
647 1063 669 1085 a
696 1057 819 1084 cetero
847 1046 999 1089 scetere,
1027 1041 1217 1078 admonitu
1246 1037 1390 1073 Tulliae

116 1109 153 1144 id
184 1107 345 1143 factum:
376 1108 550 1149 carpento
579 1107 689 1143 certe,
720 1096 754 1131 id
783 1094 877 1141 quod
908 1092 998 1126 satis
1027 1095 1178 1132 constat,
1208 1088 1242 1121 in
1275 1085 1394 1120 sorum

117 1158 274 1199 invecta,
294 1163 364 1188 uec
384 1150 539 1185 reverita
557 1154 702 1182 coetum
723 1145 892 1185 virorum,
913 1139 1080 1174 evocavit
1103 1136 1218 1170 virum
1239 1145 1260 1168 e
1279 1132 1393 1177 curia,

118 1212 320 1249 regemque
340 1199 456 1246 prima
473 1194 684 1242 appellavit.
739 1194 769 1226 A
789 1200 860 1235 quo
889 1188 1071 1222 facessere
1097 1184 1197 1230 jussa
1223 1192 1269 1216 ex
1295 1186 1395 1214 tanto

118 1249 279 1286 tumultu
307 1258 395 1282 curn
424 1256 464 1279 se
493 1245 644 1278 domum
670 1238 861 1284 reciperet,
890 1234 1191 1281 pervenissetque
1220 1228 1266 1263 ad
1297 1239 1396 1262 sum-

119 1309 225 1334 mum
261 1295 441 1342 Cyprium
475 1292 612 1330 vicum,
648 1287 710 1323 ubi
747 1285 917 1320 Dianium
953 1292 1068 1327 nuper
1102 1279 1181 1323 fuit,
1218 1274 1398 1311 flectenti⁴

121 1351 337 1392 carpentum
367 1341 494 1376 (lextra
523 1338 559 1372 in
589 1335 740 1372 Urbium
773 1332 924 1375 clivum,
955 1337 991 1363 ut
1028 1329 1063 1363 in
1094 1325 1226 1361 collem
1264 1322 1396 1368 Esqui-

121 1393 267 1429 liarium
293 1389 525 1430 eveheretur,
546 1383 675 1420 restitit
703 1379 859 1428 pavidus
884 1385 994 1423 atque
1022 1374 1180 1410 inhibuit
1208 1372 1330 1406 frenos
1356 1370 1396 1414 is,

122 1441 184 1488 qui
210 1440 378 1487 jumenta
403 1434 547 1481 agebat,
565 1432 826 1479 jacentemque
852 1426 1026 1461 dominae
1045 1421 1212 1458 Servium
1240 1417 1398 1454 trucida·

123 1494 201 1524 tum
220 1485 391 1522 ostendit.
443 1482 608 1518 Foedum
637 1478 954 1519 inhumanumque
983 1471 1066 1506 inde
1095 1469 1247 1504 traditur
1265 1465 1398 1510 scetus,

125 1542 438 1578 monumentoque
474 1530 575 1564 locus
608 1532 683 1561 est:
728 1523 954 1559 Sceleratum
990 1519 1114 1553 vicum
1150 1522 1292 1559 vocant,
1328 1523 1401 1559 quo

125 1594 267 1628 amens,
293 1578 521 1627 agitantibus
553 1574 660 1610 furiis
693 1572 823 1607 sororis
855 1581 900 1603 ac
929 1568 1004 1611 viri,
1033 1565 1155 1600 Tullia
1188 1574 1253 1609 per
1286 1559 1403 1607 patris

126 1642 259 1678 corpus
292 1633 507 1674 carpentum
551 1623 670 1667 egisse
706 1619 829 1664 fertur,
865 1623 1083 1663 partemque
1126 1610 1315 1656 sanguinis
1357 1619 1402 1642 ao

127 1673 1402 1702 s

170 1731 375 1766 ¹Inasmuch
399 1741 435 1762 as
458 1729 514 1760 the
539 1727 657 1759 lowest
682 1724 823 1756 division
848 1721 885 1753 of
904 1720 960 1751 the
984 1717 1102 1758 people
1120 1726 1190 1746 was
1207 1713 1298 1746 freed
1322 1711 1403 1744 both

117 1774 214 1808 ·srom
230 1782 325 1806 taxes
341 1771 404 1804 and
422 1770 567 1807 military
584 1766 725 1800 service.
746 1775 782 1795 as
800 1763 826 1794 is
843 1761 952 1793 stated
970 1761 1002 1791 in
1020 1759 1039 1790 i.
1057 1761 1108 1792 43.
1131 1756 1221 1788 Haec
1241 1755 1349 1786 omnia
1368 1753 1404 1784 in

128 1817 213 1848 dices
229 1827 248 1847 α
263 1813 458 1856 pauperibus
477 1810 635 1841 inclinata
652 1817 760 1838 onem.
807 1803 883 1834 The
909 1800 1071 1833 assertion
1089 1798 1158 1829 that
1179 1795 1316 1827 Servius
1342 1792 1405 1825 had

129 1857 232 1890 taken
251 1853 368 1888 lauded
386 1859 540 1892 property
558 1848 640 1880 from
659 1847 714 1878 the
732 1844 849 1877 nobles
866 1853 926 1874 can
943 1841 1021 1880 only
1039 1841 1079 1871 be
1098 1847 1170 1869 true
1195 1836 1273 1868 thus
1296 1835 1355 1870 far.
1376 1834 1401 1865 if

131 1897 188 1930 the
206 1896 322 1929 nobles
338 1891 480 1926 claimed
497 1891 552 1922 the
570 1888 656 1929 right
674 1886 711 1919 os
729 1885 879 1924 dividing
897 1883 952 1914 the
969 1878 1158 1920 conquered
1184 1876 1259 1908 land
1283 1885 1406 1914 among

131 1938 219 1971 their
234 1937 366 1972 clients‚
385 1945 421 1966 as
439 1943 508 1964 was
526 1929 687 1971 probably
705 1927 761 1958 the
778 1936 854 1957 case
873 1923 984 1955 before
1001 1922 1057 1953 the
1075 1921 1154 1951 time
1171 1919 1207 1950 of
1228 1916 1376 1948 Servius.

170 1979 185 1998 ¹
197 1976 401 2017 Tarquinius
418 1973 481 2006 and
500 1973 550 2004 his
564 1969 678 2009 family
696 1979 750 2000 are
764 1965 871 1999 called
883 1965 1018 1999 domini,
1038 1967 1045 1979 ⁸
1059 1958 1201 1993 masters
1218 1957 1255 1990 of
1266 1954 1403 1991 slaves:

133 2020 166 2052 in
181 2026 330 2052 contrast
347 2024 380 2048 to
396 2015 453 2046 the
470 2013 562 2044 slave
581 2011 730 2042 Servius.

173 2061 186 2080 ⁸
198 2059 343 2096 Inferior
353 2068 432 2103 pars
451 2055 478 2086 is
497 2061 504 2070 ⁸
516 2053 572 2084 the
589 2049 743 2091 ground,’
763 2049 876 2079 solum.

173 2102 186 2121 ⁴
199 2095 275 2133 The
292 2099 403 2132 dative
412 2095 560 2137 flectenti
576 2093 603 2123 is
617 2089 800 2122 connected
819 2089 850 2119 iu
867 2098 885 2119 a
901 2084 1086 2118 somewhat
1103 2082 1169 2114 free
1183 2079 1312 2117 fashion
1327 2075 1409 2108 with

133 2141 192 2174 the
207 2148 367 2174 sentence
386 2137 506 2169 restitit
523 2134 660 2173 auriga.-
692 2135 699 2147 “
712 2138 746 2161 to
759 2129 819 2161 her
834 2139 870 2160 as
887 2127 947 2159 she
961 2124 1078 2157 turned
1099 2131 1131 2154 to
1148 2122 1202 2152 the
1221 2119 1307 2159 right
1322 2116 1411 2149 hand

135 2183 207 2215 into
222 2182 278 2214 the
296 2179 425 2212 Urbian
440 2182 556 2210 street,
571 2173 626 2204 the
643 2171 752 2203 driver
767 2168 935 2209 stopped.'
956 2167 1011 2199 the
1029 2174 1120 2197 same
1137 2173 1174 2193 as
1190 2162 1308 2201 auriga
1328 2157 1408 2189 Tuz-

135 2224 201 2256 tiae
239 2216 648 2257 ectentis—cumflecteret.
697 2211 812 2256 Clima-⁸
829 2211 857 2241 is
877 2214 915 2240 ‘a
930 2216 1024 2246 steep
1043 2202 1169 2237 street.¹
1218 2197 1412 2237 According

136 2270 173 2295 to
221 2261 384 2302 ionysius,
404 2260 459 2290 the
477 2263 579 2289 street
598 2255 676 2284 here
694 2249 887 2283 mennoned
904 2259 973 2279 was
996 2245 1104 2278 called
1126 2240 1303 2283 originally
1319 2239 1410 2272 vicus

144 2303 278 2341 orbius,
296 2297 491 2335 afterwards
507 2297 597 2329 vicus
615 2292 810 2325 Sceleratus.
