1539 2508
93 146 174 181 286
638 156 673 180 r.
697 155 809 181 Lrvll.

91 230 234 265 Gallica
267 236 361 272 sunt,
392 236 426 263 ct
462 236 604 276 postero
633 229 692 263 die
727 229 816 263 citra
842 227 979 263 Gabios
1011 226 1143 262 cecidit
1169 225 1358 263 Gallorum

91 278 268 324 legiones.
319 277 441 315 Quid?
477 284 554 322 post
581 277 716 312 multos
740 288 854 310 annos
879 287 962 310 curn
990 274 1036 310 ad
1065 273 1241 309 Furculas
1266 274 1359 310 Cau-

91 326 198 360 dinas
237 325 284 359 ab
319 323 482 359 Samnite
519 326 620 359 hoste
655 324 723 359 snb
763 324 890 370 jugum
926 322 1027 357 missi
1062 333 1201 368 sumus,
1237 328 1359 358 utrum

92 375 239 408 tandem
278 373 314 407 L.
353 372 519 417 Papirius
553 374 682 406 Cursor
717 372 804 417 juga
843 370 978 405 Samnii
1013 369 1275 416 perlustrando,
1310 381 1358 404 an

92 422 294 456 Luceriam'
331 419 530 468 premendo
563 419 838 465 obsidendoque
873 424 909 452 et
940 416 1152 452 lacessendo
1179 417 1356 452 victorem

90 468 245 512 hostem,
282 468 475 515 depulsum
510 468 557 502 ab
593 467 763 501 Romanis
796 465 1000 500 cervicibus
1034 464 1161 510 jugum
1197 464 1357 511 superbo

90 516 242 550 Samniti
278 516 476 562 imposuit?
529 515 655 550 Modo²
681 515 717 548 C.
750 514 893 549 Lutatio
919 524 1013 559 quac
1047 512 1119 546 alia
1153 523 1210 546 res
1244 523 1357 558 quam

89 563 261 598 celeritas
287 565 475 599 victoriam
504 562 632 597 dedit?
683 562 785 600 Quod
815 568 957 608 postero
983 559 1042 595 die
1070 571 1182 606 quam
1210 558 1356 595 hostem

88 611 187 656 vidit,
203 611 357 646 classem
377 623 525 656 gravem
547 610 826 654 commeatibus,
843 608 1056 655 impeditam
1076 613 1219 641 suomet
1238 607 1356 654 ipsam

88 659 328 694 instrumento
354 667 464 705 atque
490 665 678 704 apparatu,
698 657 888 703 oppressit.
940 655 1100 690 Stultitia
1117 659 1174 689 est
1191 653 1355 690 sedendo

87 713 150 740 aut
182 707 275 741 votis
302 707 480 742 debellari
511 705 660 740 credere
695 705 829 751 posse.³
879 703 1022 739 Armari
1057 702 1181 748 copias
1215 707 1356 748 oportet

87 754 327 790 deducendas
345 755 377 789 in
397 766 567 800 aequum,
583 759 620 787 ut
636 753 688 787 vir
706 765 790 788 cum
812 752 887 786 viro
905 750 1163 796 congrediaris.
1207 748 1354 785 Auden-

87 803 134 837 do
151 808 262 848 atque
281 802 424 847 agendo
444 814 501 836 rcs
515 802 676 836 Romana
694 801 818 845 crevit,
832 811 899 834 non
917 799 972 834 his
990 797 1164 844 segnibus
1180 796 1353 843 consiliis,

86 862 181 895 quae
209 850 327 884 timidi
355 857 463 884 cauta
481 849 636 883 vocant.’
689 848 789 882 Haec
816 847 915 881 velut
941 846 1163 881 contionanti
1190 845 1355 880 Minucio

87 897 449 932 circumfundebatur
468 896 693 931 tribunorum
722 895 962 941 equitumque
988 894 1233 928 Romanorum
1261 892 1354 927 mul·

87 945 212 989 titudo,
228 952 261 978 et
280 944 325 978 ad
344 956 452 979 aures
470 955 613 990 quoque
632 943 802 978 militum⁴
822 942 920 977 dicta
939 941 1074 975 ferocia
1093 939 1354 985 volvebantur3

86 1005 130 1027 ac
148 993 178 1027 si
197 992 364 1027 militaris
382 991 543 1037 suffragii
572 1003 628 1025 res
656 998 764 1036 esset,
783 990 881 1025 haud
901 989 1011 1024 dubie
1031 987 1212 1023 serebant⁵
1229 987 1354 1022 Minu-

87 1041 185 1075 cium
206 1040 317 1074 Fabio
336 1040 434 1074 duci⁶
453 1040 686 1085 praelaturos.

140 1091 192 1122 15.
228 1087 363 1122 Fabins
389 1088 530 1133 pariter,
560 1087 594 1121 in
629 1097 712 1120 suos
746 1085 842 1120 haud
870 1083 993 1119 minus
1016 1095 1128 1129 quam
1155 1082 1192 1117 in
1219 1081 1353 1128 hostes,

88 1136 248 1170 intentus
283 1135 381 1180 prius
416 1135 463 1169 ab
498 1134 568 1168 illis
602 1134 778 1168 invictum
805 1132 971 1167 animum
997 1137 1168 1177 praestat.
1219 1129 1354 1168 Quam-

87 1194 199 1228 quam
234 1183 345 1228 probe
381 1183 447 1217 scit
483 1194 553 1216 non
588 1182 622 1216 in
650 1181 778 1216 castris
803 1180 912 1215 modo
939 1178 1013 1213 suis
1039 1177 1103 1213 sed
1136 1177 1211 1224 jam
1242 1177 1356 1212 etiam

87 1231 225 1265 Romae
251 1230 428 1265 infamem
456 1241 562 1264 suam
588 1229 858 1264 cunctationem
885 1237 977 1269 esse,
1000 1225 1204 1260 obstinatus
1231 1231 1355 1260 tamen

88 1284 212 1311 tenore
255 1277 388 1311 eodem
429 1277 664 1312 consiliorum
706 1276 857 1310 aestatis
899 1273 1079 1320 reliquum
1114 1272 1280 1319 extraxit,
1317 1277 1356 1307 ut

88 1325 270 1359 Hannibal
305 1325 503 1359 destitutus
536 1325 583 1359 ab
617 1335 681 1369 spe
725 1334 869 1358 summa
903 1332 971 1367 ope
1007 1321 1110 1367 petiti
1145 1319 1357 1355 certaminis

87 1373 163 1418 jam
189 1372 353 1407 hibernis
379 1372 500 1406 locum
520 1372 853 1417 circumspectaret,
874 1370 958 1415 quia
976 1380 1020 1402 ea
1038 1368 1137 1413 regio
1153 1367 1357 1414 praesentis

89 1425 166 1454 erat
199 1419 336 1465 copiae,
366 1431 434 1454 non
470 1425 681 1465 perpetuae,
717 1418 866 1452 arbusta
891 1417 1113 1461 vineaeque⁷
1146 1422 1182 1449 et
1215 1414 1356 1450 consita

88 1467 212 1501 omnia
254 1467 373 1512 magis
414 1467 578 1502 amoenis
611 1477 723 1511 quam
757 1464 976 1500 necessariis
1008 1462 1201 1498 fructibus.
1253 1461 1357 1496 Haec

87 1526 153 1561 per
178 1514 423 1560 exploratores
450 1515 562 1548 relata
588 1513 714 1548 Fabio.
766 1513 859 1547 Cum
885 1512 973 1546 satis
998 1511 1104 1545 sciret
1123 1521 1187 1556 per
1204 1509 1358 1545 easdem

88 1563 288 1607 angustias,
323 1562 456 1608 quibus
488 1563 683 1596 intraverat
718 1560 917 1595 Falernum
950 1570 1090 1604 agrum,
1127 1555 1359 1602 rediturum,⁸

90 1609 305 1644 Calliculam
334 1616 498 1644 montem
525 1615 560 1644 et
579 1608 778 1643 Casilinum
804 1613 959 1653 occupat
978 1605 1135 1641 modicis
1151 1603 1356 1652 praesidiis,

132 1725 141 1741 ¹
156 1723 241 1754 This
268 1722 397 1754 Roman
422 1723 489 1762 city
506 1722 570 1754 had
593 1723 679 1753 been
702 1721 804 1753 taken
828 1722 872 1760 by
896 1721 951 1752 the
977 1719 1158 1756 Samnites,
1177 1718 1240 1751 and
1263 1719 1358 1750 there

91 1763 171 1835 {goy
191 1764 269 1802 kept
295 1763 349 1794 the
373 1763 531 1803 hostages
556 1763 666 1794 whom
690 1762 770 1801 they
793 1761 857 1793 had
881 1761 982 1792 taken
1005 1760 1089 1792 from
1112 1760 1168 1792 the
1192 1759 1355 1797 Romans,

112 1814 119 1820 ·
175 1814 239 1834 ac.

131 1844 233 1874 2'rhe
261 1843 501 1875 circumstance
533 1843 665 1875 alluded
694 1850 726 1874 to
756 1841 914 1874 occurred
940 1841 974 1872 in
999 1841 1056 1872 the
1081 1851 1160 1880 year
1183 1842 1243 1872 :242
1269 1850 1355 1877 B.c.‚

93 1884 292 1923 twenty-six
311 1895 405 1923 years
423 1884 534 1915 before
552 1885 618 1914 this
635 1885 726 1915 time.
772 1883 873 1915 Modo
895 1882 956 1913 and
974 1893 1079 1922 nuper
1093 1881 1135 1913 do
1151 1889 1207 1912 not
1224 1880 1309 1912 reser
1324 1888 1359 1911 to

93 1935 157 1964 any
174 1923 308 1956 definite
332 1925 479 1955 distance
503 1924 540 1955 of
558 1925 658 1961 tinie;
683 1924 732 1955 sor
755 1924 834 1962 they
851 1933 943 1962 vary,
963 1921 1138 1961 according
1160 1928 1194 1952 to
1217 1921 1356 1953 circum-

94 1973 238 2001 stances,
258 1964 342 1996 from
361 1969 397 1995 ‘a
413 1964 642 1995 considerable
666 1965 806 1995 number
821 1963 859 1994 of
876 1974 971 2002 years
995 1962 1067 2003 ago'
1087 1968 1122 1993 to
1141 1965 1149 1978 ²
1162 1961 1279 1993 within
1302 1961 1364 1998 the,

95 2006 157 2037 last
174 2005 257 2036 bour
273 2015 309 2036 or
325 2005 414 2035 two.’
463 2006 526 2035 See
546 2005 680 2043 Zumpt,
700 2005 717 2038 ὃ
734 2008 807 2041 287,
824 2005 899 2035 init.

135 2049 147 2066 ³
165 2045 273 2076 ‘That
292 2045 348 2076 the
364 2055 431 2075 war
447 2056 507 2075 can
523 2047 563 2075 bc
581 2045 723 2085 brought
741 2053 775 2076 to
791 2055 809 2075 a
823 2044 911 2075 close
925 2044 946 2082 ;'
971 2043 1020 2075 sor
1035 2044 1191 2075 debellare
1205 2042 1234 2074 is
1249 2052 1357 2074 some-

95 2086 194 2118 times
210 2085 293 2117 used
309 2084 497 2123 absolutely
515 2085 595 2119 (tliat
614 2086 653 2121 is,
674 2085 813 2116 without
830 2095 870 2116 an
887 2085 1010 2124 object)
1023 2084 1057 2115 in
1072 2083 1138 2114 this
1154 2093 1264 2114 sense.

136 2127 147 2144 ⁴
163 2126 191 2157 It
209 2125 327 2157 should
345 2125 497 2164 properly
514 2125 597 2156 have
615 2127 700 2156 been
716 2131 744 2156 et
760 2127 803 2156 ad
817 2126 957 2156 militum
971 2135 1094 2164 quoque
1108 2135 1216 2154 aures.

136 2169 149 2186 ⁵
165 2171 171 2183 ¹
186 2167 284 2206 They
300 2165 452 2197 declared
469 2165 732 2205 nnhcsitatingly
745 2165 766 2196 :’
783 2166 1082 2206 ferrezprqferre,
1100 2165 1213 2196 dicere.

113 2208 149 2279 h‘
166 2207 213 2238 Or
228 2209 348 2243 ducem,
367 2205 416 2237 for
439 2205 544 2236 either
561 2216 633 2244 way
651 2206 707 2236 the
723 2205 816 2237 word
839 2212 928 2237 must
950 2206 992 2237 be
1015 2203 1168 2244 supplied
1190 2211 1225 2235 to
1239 2213 1303 2234 oue
1318 2199 1357 2234 of

99 2254 110 2278 t
138 2258 155 2278 e
171 2258 297 2278 names.

138 2289 149 2305 ⁷
163 2287 202 2319 In
218 2287 403 2326 apposition
420 2293 453 2317 to
469 2298 505 2317 ea
522 2286 608 2326 regio
623 2297 633 2316 .-
664 2285 753 2317 ‘that
770 2285 1128 2325 district—consisting
1149 2283 1186 2316 of
1202 2281 1358 2317 orchards

99 2328 163 2359 and
179 2327 382 2367 vineyards,’
403 2327 469 2358 διο.

138 2370 151 2387 ⁸
165 2367 243 2399 Scit.
261 2367 490 2399 Hannibalem.
