1539 2508
114 61 187 97 114
652 77 687 101 T.
710 77 822 103 Livii.

109 145 177 181 sub
197 147 344 192 regibus
362 155 469 194 esset,
491 149 588 183 nullo
615 149 712 185 bello
738 163 807 185 nec
832 150 880 186 ab
898 150 1061 187 hostibus
1078 152 1161 188 ullis
1177 153 1369 191 obsessum

108 204 201 237 esse,
230 194 383 231 liberum
404 196 562 231 eundem
585 197 757 243 populum
784 198 832 233 ab
858 198 988 234 iisdem
1017 200 1180 236 Etruscis
1196 200 1368 248 obsideri,

107 250 260 285 quornm
296 255 406 288 saepe
441 246 624 278 exercitus
653 244 799 279 fuderit.
853 246 904 280 lta
933 257 977 280 ue
1004 258 1136 293 magno
1164 248 1369 295 audacique

107 286 231 332 aliquo
260 289 416 323 facinore
444 302 526 325 enm
555 290 811 336 indignitatem
839 258 1098 329 vindicandam
1125 302 1234 340 ratus,
1253 297 1369 342 primo

107 345 173 367 sua
207 343 332 380 sponte
369 344 558 381 penetrare
601 338 634 372 in
679 339 836 375 hostium
876 347 993 375 castra
1035 343 1241 388 constitui13
1283 343 1369 379 dein

107 387 286 425 metuens7
318 395 372 427 ne,
401 384 429 417 si
464 384 654 419 consulum
691 386 825 431 injussu
855 394 891 422 et
920 388 1053 433 ignaris
1084 390 1254 425 omnibus
1287 390 1367 436 iret,

107 427 198 462 sorte
240 429 492 474 deprehensus
524 444 545 464 a
579 433 793 468 custodibus
834 435 1005 470 Romanis
1047 436 1290 472 retraheretur
1330 444 1369 472 ut

108 475 304 520 transfuga,
342 477 484 512 fortuna
519 485 595 513 tum
632 480 730 514 urbis
763 481 902 516 crimen
944 482 1163 529 affirmante,
1199 490 1369 520 senatum

105 522 192 556 adit.
264 524 454 559 ‘Transire
496 526 685 570 Tiberim‚'
731 528 856 574 inquit,
895 529 1053 573 ‘Patres,
1088 537 1125 564 et
1159 531 1303 578 intrare,
1338 533 1368 567 si

107 570 253 614 possim,
281 578 400 606 castra
427 572 586 608 hostium
615 574 703 619 volo,
731 587 799 609 non
827 575 971 621 praedo,
1000 587 1069 611 nec
1094 578 1369 623 populationum

106 617 264 651 invicem
296 618 408 653 ultor:
441 619 570 665 majus.
597 622 625 655 si
655 622 702 656 dii
731 622 868 667 juvant,
899 623 933 658 in
964 623 1086 658 animo
1115 631 1171 659 est
1200 625 1367 661 facinus!

105 664 316 709 Approbant
353 667 499 711 Patres}
533 668 655 703 abdito
689 670 781 703 intra
814 677 955 705 vestem
990 669 1084 705 ferro
1117 672 1368 718 proficiscitur.

107 710 177 745 Ubi
205 724 248 746 eo
274 714 385 759 venit,
415 715 448 749 in
476 715 745 751 confertissima
773 717 877 752 turba
903 728 1016 764 prope
1044 719 1184 764 regium
1211 720 1370 756 tribunal

105 759 276 793 constitit.
345 761 398 796 lbi
433 774 517 797 cum
552 764 774 809 stipendium
809 764 987 800 militibus
1014 764 1105 800 forte
1139 765 1297 814 daretur,
1331 774 1369 803 et

105 806 222 840 scriba
240 818 325 841 cum
353 820 437 854 rege
464 810 598 844 sedens
623 811 699 856 pari
727 811 802 846 fere
829 819 957 847 ornatu
983 813 1099 848 multa
1125 820 1262 861 ageret,
1281 826 1369 850 eum

105 853 241 887 milites
266 855 373 899 vulgo
397 857 547 902 adirent,
576 858 709 893 timens
731 859 921 901 sciscitari,
948 867 1027 894 uter
1050 860 1233 896 Porsenna
1257 869 1366 908 esset,

105 911 150 934 ne
186 901 380 946 ignorando
415 915 541 948 regem
575 912 692 940 semet
728 907 805 952 ipse
839 907 1004 952 aperiret,
1032 909 1114 953 quis
1148 915 1255 954 esset,
1293 920 1366 955 quo

105 954 245 982 temere
275 951 381 985 traxit
412 950 552 986 fortuna
582 951 734 995 facinus,
763 953 918 988 scribam
949 966 1011 1000 pro
1046 966 1130 1000 rege
1163 955 1366 991 obtruncat.

104 994 313 1031 vadentem
340 997 434 1043 inde,
454 1010 526 1044 qna
552 1011 617 1045 per
642 1000 818 1046 trepidam
846 1001 988 1036 turbam
1016 1008 1166 1037 cruento
1191 1014 1368 1038 mucrone

105 1042 174 1076 sibi
203 1043 281 1089 ipse
311 1045 448 1079 fecerat
478 1047 585 1092 viam,
614 1059 710 1092 cnm,
739 1059 916 1083 concursu
945 1048 993 1083 ad
1027 1049 1225 1086 clamorem
1259 1050 1366 1098 facto,

105 1090 412 1136 comprehensum
456 1094 545 1137 regii
588 1095 767 1129 satellites
809 1096 1053 1142 retraxissent,
1088 1103 1174 1132 ante
1208 1097 1369 1133 tribunal

106 1139 202 1182 regis
235 1138 455 1184 destitutus,'
490 1147 568 1175 tum
601 1153 746 1187 quoque
777 1142 870 1177 inter
900 1149 1020 1178 tantas
1048 1142 1218 1179 fortunae
1246 1145 1369 1181 minas

106 1185 326 1220 metuendus
359 1188 476 1232 magis
509 1199 617 1233 quam
655 1196 834 1235 metuens,
865 1190 1070 1225 ‘Romanus
1098 1192 1205 1237 sum‚’
1241 1192 1275 1227 in
1303 1193 1367 1239 uit,

107 1231 235 1277 ‘civis;
266 1233 304 1268 C.
331 1234 498 1270 Mucium
526 1243 669 1270 vocant.
723 1237 844 1271 Hostis
870 1237 1014 1273 hostem
1047 1237 1215 1274 occidere
1240 1250 1286 1273 vo
1303 1239 1368 1285 ui;

105 1290 174 1313 nec
199 1280 245 1314 ad
274 1287 425 1316 mortem
455 1283 575 1317 minus
600 1284 714 1318 animi
740 1291 794 1318 est
819 1296 932 1330 quarn
958 1284 1025 1320 suit
1051 1285 1098 1320 ad
1123 1285 1300 1322 caedem:
1331 1293 1368 1322 et

106 1325 226 1361 facere
246 1335 281 1362 et
300 1328 375 1374 pati
402 1329 506 1364 sortia
531 1330 736 1366 Romanum
763 1339 830 1366 est.
882 1333 962 1367 Nec
987 1344 1083 1367 unus
1110 1334 1144 1368 in
1163 1340 1198 1369 te
1216 1345 1284 1380 ego
1301 1333 1369 1370 hos

105 1374 249 1409 animos
280 1376 398 1420 gessi:
442 1376 570 1422 longus
600 1384 679 1424 post
713 1390 775 1413 me
808 1379 894 1414 ordo
929 1386 985 1414 est
1018 1380 1118 1415 idem
1159 1382 1368 1427 petentium

106 1420 232 1456 decus.
285 1423 439 1458 Proinde
466 1424 502 1459 in
528 1425 598 1459 hoc
623 1425 830 1471 discrimen,
851 1427 878 1461 si
905 1427 1017 1473 juvat,
1041 1428 1246 1474 accingere,
1266 1434 1305 1464 ut
1331 1429 1369 1465 in

105 1469 269 1513 singulas
287 1469 393 1505 horas
411 1472 530 1517 capite
555 1471 710 1507 dimices
737 1480 808 1518 tuo,
831 1473 966 1509 serrum
994 1474 1212 1521 hostemque
1231 1475 1267 1511 in
1286 1487 1368 1511 ves·

106 1516 220 1550 tibulo
239 1516 377 1552 habeas
395 1520 530 1563 regiae.
582 1519 659 1555 Hoc
686 1520 752 1555 tibi
778 1520 954 1566 juventus
978 1522 1142 1557 Romana
1168 1522 1369 1558 indicimus

104 1562 266 1598 bellum:
295 1565 434 1600 nullam
460 1567 591 1611 aciem,
611 1567 751 1602 nullum
779 1568 958 1613 proelium
985 1569 1171 1605 timueris:
1198 1571 1261 1605 uni
1288 1570 1366 1617 tibi,

105 1617 244 1646 etcum
264 1612 428 1658 singulis,
449 1625 505 1648 res
530 1614 620 1648 erit.⁷
672 1615 763 1650 Cum
784 1626 846 1650 rex
865 1615 973 1650 simul
1000 1617 1055 1650 ira
1080 1616 1248 1652 infensus
1272 1618 1368 1664 peri·

104 1658 260 1704 culoque
290 1661 507 1695 conterritus
536 1662 755 1697 circumdari
783 1662 888 1708 ignes
915 1663 1366 1711 minitabundus-juberet,

105 1706 172 1740 nisi
207 1714 438 1752 expromeret
471 1719 633 1754 propere,
669 1720 762 1755 quas
794 1709 1007 1745 insidiarum
1041 1710 1112 1746 sibi
1152 1711 1271 1746 minas
1302 1723 1368 1758 per

104 1752 283 1798 ambages
314 1754 463 1801 jaceret,
494 1756 572 1790 ‘En
601 1756 691 1802 tibi,⁷
723 1757 851 1802 inquit,
882 1758 941 1791 ‘ut
974 1757 1122 1804 sentias,
1148 1769 1259 1804 quarn
1293 1758 1367 1794 vile

104 1810 237 1845 corpus
270 1801 315 1835 sit
349 1802 402 1846 iis,
438 1802 500 1848 qui
534 1814 710 1848 magnam
743 1804 895 1849 gloriam
928 1804 1054 1838 vident
1066 1805 1089 1849 5²
1124 1805 1367 1851 dextramque

103 1856 260 1881 accenso
293 1847 340 1882 ad
374 1849 594 1885 sacrificium
636 1851 757 1885 foculo
799 1850 927 1897 injicit.
993 1850 1114 1889 Quam
1146 1862 1234 1886 curn
1266 1853 1367 1888 velut

103 1892 263 1928 alienato
291 1895 338 1930 ab
365 1907 475 1930 sensu
503 1902 652 1932 torreret
680 1898 812 1943 animo,
839 1908 950 1944 prope
982 1897 1159 1933 attonitus
1189 1899 1367 1934 miraculo

104 1950 178 1985 rex,
206 1951 291 1975 cum
317 1942 364 1976 ab
390 1943 479 1977 sede
506 1955 572 1978 sua
597 1945 820 1990 prosiluisset
845 1945 1080 1990 amoverique
1104 1945 1153 1981 ab
1176 1945 1367 1982 altaribus*

102 1985 280 2033 juvenem
303 1987 481 2036 jussisset,
504 1991 580 2026 ‘Tu
599 2003 684 2026 vero
709 1992 795 2039 abi,⁷
815 1992 942 2039 inquit,
964 1992 1022 2027 ‘in
1048 1998 1084 2026 te
1108 1992 1230 2038 magis
1253 2004 1364 2039 quam

143 2120 154 2138 ²
171 2122 179 2136 ¹
192 2119 340 2157 Placed,’
360 2120 384 2151 it
401 2120 500 2160 being
515 2120 651 2159 implied
670 2124 677 2137 ‘
691 2121 808 2152 alone.'
857 2121 1022 2161 Compare
1038 2120 1130 2153 xxiii.
1149 2124 1198 2153 10.

142 2172 156 2190 ²
173 2170 260 2202 Used
277 2171 447 2211 generally
457 2171 534 2211 only
548 2172 581 2202 in
597 2171 653 2203 the
669 2172 786 2210 plural,
803 2183 838 2204 as
855 2173 944 2204 here.
989 2171 1064 2203 The
1075 2171 1178 2208 word,
1191 2171 1361 2211 however,

103 2211 131 2243 is
148 2219 202 2242 not
219 2211 302 2243 used
318 2211 351 2242 in
367 2212 409 2242 its
426 2221 543 2250 proper
558 2222 655 2244 sense
671 2213 705 2244 in
720 2212 786 2245 this
802 2223 955 2254 passage,
974 2211 1024 2245 for
1038 2212 1062 2244 it
1077 2212 1231 2254 properly
1245 2222 1363 2246 means

102 2261 123 2283 a
137 2251 216 2292 high
232 2251 315 2284 altar
329 2251 363 2283 in
377 2261 397 2284 a
412 2251 546 2292 temple.
934 2271 947 2274 -
