1507 2492
668 81 794 108 mann
823 81 865 107 n.
1326 67 1398 103 111

135 162 323 200 obsidione
347 171 392 196 ac
416 160 518 195 fame
542 158 635 192 adeo
662 155 880 191 concordem
911 154 1102 189 civitatem
1128 151 1255 197 tenuit,
1284 158 1322 186 ut
1349 163 1403 186 re-

135 211 237 259 gium
265 220 396 245 nomen
426 218 495 242 non
523 205 659 240 summi
688 204 805 248 magis
830 214 940 249 quam
967 201 1081 236 infimi
1107 199 1304 243 horrerent,
1333 210 1403 234 nec

135 258 330 305 quisquam
363 266 458 290 unus
491 253 598 288 malis
629 251 767 285 artibus
801 258 926 296 postea
959 255 1034 284 tam
1076 246 1259 294 popularis
1292 253 1400 291 esset,

136 317 247 353 quam
266 314 342 340 tum
361 302 457 338 bene
476 298 688 346 imperando
709 298 901 332 universus
919 303 1068 331 senatus
1086 295 1164 329 suit.

189 356 240 388 10.
268 352 360 386 Cum
378 349 502 384 hostes
518 347 700 391 adessent,
719 356 782 391 pro
801 356 840 379 se
863 345 1018 390 quisque
1039 344 1073 377 in
1093 342 1218 377 urbem
1239 352 1286 376 ex
1307 341 1403 386 agris

135 399 364 444 demigrant5
392 397 520 432 urbem
555 395 671 441 ipsam
703 393 872 438 saepiunt
907 390 1109 437 praesidiis.
1163 388 1247 423 Alia
1274 389 1398 433 muris,

135 447 209 482 alia
244 445 370 481 Tiberi
404 444 547 490 objecto
583 441 799 476 videbantur
833 446 922 474 tuta.
990 438 1085 472 Pons
1117 436 1296 471 sublicius
1334 436 1402 470 iter

136 505 254 541 paene
281 492 447 528 hostibus
471 489 598 533 dedit,¹
626 489 662 522 ni
691 499 783 522 unus
809 488 863 521 vir
890 486 1028 530 suisset,
1053 483 1225 518 Horatius
1250 483 1398 518 Cocles:

137 541 172 576 id
207 541 476 576 munimentum
510 537 569 572 illo
611 536 670 570 die
712 535 854 568 fortuna
896 533 993 568 urbis
1037 533 1220 567 Romanae
1262 530 1400 565 habuit.

137 588 206 628 Qui
236 588 373 635 positus
402 586 491 620 sorte
517 585 553 619 in
582 584 734 618 statione
765 582 892 627 pontis,
921 592 1004 615 cum
1036 586 1183 624 captum
1215 579 1401 624 repentino

139 636 280 682 impetu
321 633 547 670 Janiculum²
587 638 695 676 atque
740 629 824 664 inde
867 630 997 662 citatos
1038 628 1230 661 decurrere
1278 624 1403 659 hostes

139 683 303 726 vidisset,
331 681 583 727 trepidamque
614 677 758 712 turbam
789 687 934 710 suorum
965 686 1067 708 arma
1101 673 1319 718 ordinesque
1350 684 1402 706 re-

139 730 318 777 linquere,
362 726 642 774 reprehensans³
690 724 860 768 singulos,
906 723 1096 763 obsistens⁷
1140 720 1403 765 obtestansque

139 778 250 813 deum
284 786 321 811 et
355 775 542 810 hominurn
577 774 701 815 fidem,
738 770 939 805 testabatur
973 770 1217 814 nequicquam
1259 767 1404 801 deserto

140 824 321 872 praesidio
355 835 418 857 eos
450 822 590 867 fugere.
658 819 692 854 Si
729 819 914 853 transitum
951 824 1099 862 pontem
1134 827 1155 848 a
1189 822 1289 858 tergo
1324 814 1404 848 reli-

140 873 329 920 quissent,⁴
356 870 431 916 jam
465 869 545 915 plus
574 868 731 902 hostium
768 866 803 900 in
839 864 976 899 Palatio
1010 862 1259 909 Capitolioque
1292 872 1405 907 quam

141 919 177 956 in
211 918 379 956 Janiculo
413 917 500 951 sore.
567 915 692 960 Itaque
727 924 884 957 monere,
921 910 1132 957 praedicere
1175 918 1213 944 ut
1255 917 1406 955 pontem

141 966 246 1013 ferro,
275 966 358 1012 igni,
385 974 603 1011 quacunque
632 962 667 996 vi
697 961 862 1008 possint,⁵
896 960 1180 1004 interrumpant:
1216 968 1255 990 se
1290 957 1405 1002 impe-

141 1020 219 1050 turn
255 1014 425 1057 hostium,
452 1018 628 1057 quantum
663 1020 811 1055 corpore
847 1018 916 1042 uno
951 1013 1073 1052 posset
1108 1004 1244 1048 obsisti,
1273 1015 1407 1049 excep-

142 1068 275 1097 turum.
326 1059 432 1095 Vadit
466 1057 550 1093 inde
579 1058 612 1092 in
642 1057 798 1103 primum
833 1055 975 1089 aditum
1011 1052 1147 1099 pontis,
1183 1052 1407 1096 insignisque

144 1109 236 1144 inter
253 1114 448 1153 conspecta
466 1104 677 1140 cedentium
706 1102 864 1149 pugnae⁶
891 1109 1001 1145 terga,
1021 1099 1185 1134 obversis
1202 1099 1409 1132 comminus

143 1156 190 1191 ad
209 1155 408 1190 ineundum
434 1153 609 1200 proelium
639 1152 760 1194 armis,
781 1151 856 1194 ipso
883 1147 1058 1182 miraculo
1083 1146 1260 1180 audaciae
1286 1145 1408 1180 obstu-

144 1202 283 1250 pefecit
308 1201 444 1236 hostes.
497 1200 593 1234 Duos
619 1204 743 1232 tamen
770 1208 853 1231 cnm
881 1207 923 1229 eo
950 1194 1064 1240 pudor
1090 1193 1217 1238 tenuit,
1237 1192 1296 1239 Sp.
1324 1192 1409 1227 Lar·

146 1251 237 1285 tium
255 1261 298 1284 ac
315 1249 358 1283 T.
378 1246 621 1290 Herminium,
640 1244 769 1279 ambos
783 1243 898 1278 clar'os
916 1253 1051 1287 genere
1072 1241 1264 1285 factisque.
1315 1240 1410 1274 Cum

145 1297 204 1333 his
235 1297 390 1344 primam
426 1293 574 1340 periculi
609 1291 817 1338 procellam,
845 1298 881 1324 et
908 1289 1004 1335 quod
1039 1287 1410 1323 tumultuosissimum

145 1356 290 1392 pugnae
316 1349 402 1387 erat,
424 1351 618 1388 parumper
643 1339 825 1373 sustinuit.
880 1337 1018 1372 Deinde
1045 1348 1108 1370 eos
1130 1346 1275 1380 quoque
1302 1335 1408 1380 ipsos,

146 1393 283 1438 exigua
310 1398 412 1437 parte
443 1388 564 1435 pontis
597 1386 731 1430 relicta,
764 1385 1020 1420 revocantibus
1049 1384 1109 1430 qui
1142 1382 1409 1427 rescindebant,

147 1440 279 1475 cedere
298 1439 332 1473 in
353 1444 471 1472 tutum
489 1435 618 1480 co'e'git.
669 1433 939 1469 circumferens
958 1431 1042 1466 inde
1069 1438 1191 1465 truces
1216 1430 1412 1464 minaciter

147 1487 272 1522 ocutos
306 1485 352 1520 ad
387 1495 556 1531 proceres
591 1481 835 1524 Etruscorum,
871 1491 968 1514 nunc
1010 1478 1171 1523 singulos
1204 1487 1410 1523 provocare,

148 1545 246 1569 nunc
278 1533 466 1578 increpare
500 1540 639 1573 omnes,
677 1528 825 1562 servitia
866 1538 993 1572 regum
1035 1524 1285 1571 superborum,
1321 1535 1412 1559 suae

148 1581 327 1616 libertatis
360 1580 597 1614 immemores
629 1575 788 1609 alienam
821 1579 1069 1620 oppugnatum
1103 1573 1241 1605 venire.
1294 1571 1412 1606 Cunc-

150 1629 215 1663 tati
245 1626 474 1674 aliquamdiu
508 1630 601 1668 sunt,
637 1622 726 1657 dum
758 1621 853 1656 alius
885 1621 1009 1664 alium,
1039 1625 1079 1653 ut
1112 1618 1290 1665 proelium
1325 1618 1412 1652 inci-

156 1748 163 1753 ·
191 1735 247 1766 ιΑ
270 1743 424 1765 common
447 1729 684 1764 construction.
705 1740 724 1759 a
745 1734 818 1767 past
841 1734 934 1758 tense
958 1725 995 1757 os
1013 1725 1069 1756 the
1093 1724 1267 1755 indicative
1290 1723 1340 1755 for
1356 1723 1412 1755 the

150 1774 332 1815 plupersect
349 1771 558 1810 subjunctive
575 1770 607 1801 in
624 1767 851 1808 hypothetical
863 1775 1060 1798 sentences:
1082 1769 1089 1781 ⁴
1100 1764 1271 1799 afforded,'
1291 1763 1340 1795 sor
1355 1763 1412 1795 the

150 1814 271 1856 logical
295 1813 424 1844 ‘would
447 1812 531 1843 have
554 1809 721 1842 afforded.’
769 1808 845 1839 The
865 1819 978 1849 paene,
998 1806 1167 1840 however,
1187 1804 1332 1844 changes
1355 1804 1412 1835 the

151 1857 225 1889 idea
239 1853 444 1889 somewhat;
471 1852 559 1885 thus,
583 1850 655 1881 ‘the
673 1849 786 1888 bridge
800 1847 918 1879 almost
935 1857 1031 1887 gave.
1051 1846 1084 1877 in
1106 1845 1170 1876 sact
1187 1845 1209 1876 it
1227 1843 1339 1875 would
1354 1845 1411 1875 ab·

151 1895 297 1934 solutely
313 1894 397 1926 have
414 1893 524 1932 given,
544 1890 588 1922 if.‘
636 1890 699 1920 See
720 1889 829 1920 Gram.
847 1888 864 1921 ὓ
880 1890 951 1923 346,
973 1890 999 1918 1.
1177 1909 1181 1913 .

192 1936 269 1967 'As
292 1942 327 1966 to
349 1934 405 1965 the
429 1931 631 1967 Janiculum,
651 1940 707 1961 see
731 1929 751 1960 i.
775 1930 827 1965 33,
853 1938 884 1967 p.
907 1930 958 1964 63,
974 1933 1050 1958 note
1073 1928 1102 1956 2.
1151 1924 1409 1960 Citatoff-citos,

157 1979 166 1993 ⁸
179 1975 262 2007 with
278 1973 441 2014 rapidity.'

193 2014 376 2054 ’‘Pulling
405 2011 524 2049 back;’
555 2010 626 2041 that
651 2009 691 2046 is,
717 2008 834 2048 taking
856 2007 934 2039 hold
955 2007 993 2039 os
1014 2006 1106 2038 them
1131 2007 1328 2046 (prensans),
1349 2002 1414 2034 and

154 2055 280 2094 forcing
295 2054 389 2085 them
403 2060 437 2084 to
452 2059 576 2083 return.

195 2097 208 2142 ⁴.
224 2094 400 2126 Tramnus
414 2103 509 2146 pons,
532 2090 608 2121 ‘the
631 2088 758 2133 bridge,
777 2087 860 2119 aster
882 2087 962 2126 they
978 2085 1043 2118 had
1065 2083 1200 2117 crossed
1216 2084 1253 2120 it,
1271 2093 1308 2114 or
1330 2081 1415 2114 after

155 2133 598 2211 ὔεέῃὲὴοιῖἓῗίῖΐὶεὲῗξῗῖῗιί
609 2128 1089 2207 Βξὲιεῖεξζεξιῖιζῖεῗῖρξέῗνὲἑξοίὴε
1111 2163 1263 2202 ordinary
1278 2161 1415 2201 reading

162 2221 305 2256 possent.

199 2256 213 2274 ⁸
227 2254 364 2294 ‘Giving
379 2263 454 2292 way
468 2258 503 2283 to
525 2250 582 2282 the
605 2248 735 2284 battle.’
762 2259 810 2283 or,
835 2259 872 2280 as
895 2247 1001 2287 might
1024 2245 1094 2277 also
1118 2245 1159 2276 be
1181 2242 1264 2280 said,
1285 2252 1413 2283 pugna,

159 2293 317 2332 abhfive,
337 2298 345 2311 ¹
359 2293 495 2332 retii-ing
509 2298 567 2323 out
582 2289 619 2322 of
636 2288 692 2322 the
708 2288 834 2320 battle.’
