1523 2524
651 115 778 140 mann
806 117 912 142 xxii.
1335 112 1415 148 315

146 185 237 221 mali
270 196 342 222 nec
373 196 461 222 mea
495 187 609 222 verba
641 188 793 224 auribus
822 190 956 226 vestris
988 203 1059 228 nec
1092 193 1248 228 consilia
1279 196 1414 231 animis

145 233 376 280 acciperetis.
437 234 547 269 Nunc
580 242 615 269 et
650 236 831 282 collegam
868 246 970 274 tuum
1005 246 1040 274 et
1075 247 1111 275 te
1146 241 1258 276 talem
1292 243 1413 278 virum

146 280 302 316 intuenti
330 280 419 316 milri
455 289 579 317 tecum
608 284 727 318 omnis
755 285 867 320 oratio
895 292 961 332 est,
989 298 1101 333 qoem
1130 288 1236 323 video
1262 291 1412 336 nequic-

145 339 257 374 quam
276 334 312 362 et
331 328 453 364 virum
478 329 613 365 bonurn
641 337 677 365 et
704 332 827 367 civem
854 332 941 378 sore⁷
962 335 990 368 si
1008 335 1125 370 altera
1143 343 1245 382 parte
1263 336 1412 373 claudet

145 386 206 410 res
238 375 423 423 publicaz¹
451 377 560 412 malis
592 378 754 413 consiliis
781 379 878 415 idem
909 392 954 416 ac
983 381 1088 418 bonis
1112 383 1204 430 juris
1229 391 1266 419 et
1293 392 1411 430 potes-

145 422 232 458 tatis
260 423 339 458 erit.
393 424 503 459 Erras
529 425 641 470 enirn,
671 426 710 461 L.
739 427 877 473 Paulle,
903 429 930 462 si
959 429 1024 464 tibi
1053 431 1175 466 minus
1200 433 1412 467 certaminis

143 481 231 506 cum
266 471 305 506 C.
340 471 514 507 Terentio
547 484 659 518 quam
694 485 781 509 cum
815 475 1021 511 Hannibale
1057 478 1218 513 futurum
1253 491 1408 514 censes:

144 519 270 554 nescio
286 519 350 553 an2,
366 519 531 555 infestior
549 520 607 555 hic
625 521 857 557 adversarius
878 535 991 569 quam
1019 525 1079 560 ille
1106 525 1223 561 hostis
1248 534 1408 572 maneat,

143 570 182 600 et
207 577 294 602 curn
321 566 383 602 illo
409 567 444 602 in
471 569 553 603 acie
579 574 733 613 tantum,
754 581 839 605 cum
863 570 931 605 hoc
954 573 1124 608 omnibus
1150 573 1238 608 locis
1254 586 1298 609 ac
1318 583 1408 610 tem·

143 613 293 660 poribus
310 614 362 650 sis
378 621 604 661 certaturus;
631 624 668 651 et
694 616 871 652 adversus
898 619 1140 655 Hannibalern
1170 621 1408 668 legionesque

143 660 226 708 ejus
252 663 324 697 tuis
349 663 537 708 equitibus
565 675 609 698 ac
638 664 826 710 peditibus
855 667 1091 712 pugnandum
1124 669 1190 704 tibi
1220 670 1276 715 sit,
1297 669 1408 704 Varro

141 708 219 745 dux
244 710 317 744 tuis
341 710 522 745 militibus
551 717 587 745 te
617 714 663 746 sit
690 721 973 758 oppugnaturus.
1025 716 1169 751 Ominis
1198 717 1312 751 etiarn
1342 717 1410 753 tibi

142 767 255 792 causa
272 757 370 793 absit
388 758 426 793 C.
448 758 620 794 Flaminii
639 761 840 795 memoria:
871 768 992 797 tamen
1022 763 1083 797 ille
1110 764 1236 799 consul
1254 764 1407 800 demum

142 810 179 839 et
211 804 246 840 in
279 805 466 852 provincia
499 813 535 841 et
569 807 614 841 ad
651 808 853 843 exercitum
885 810 1005 856 coepit
1036 811 1176 845 furere:
1207 812 1265 846 hic
1294 813 1409 858 prius·

142 864 254 898 quam
288 859 431 899 peteret
463 854 706 900 consulatum,
742 855 876 890 deinde
920 857 956 891 in
1000 859 1160 903 petendo
1202 860 1406 906 consulatu,

140 911 239 935 nunc
265 911 410 946 quoque
443 901 582 947 consul,
610 903 823 948 priusquam
857 911 975 939 castra
1002 905 1127 941 videat
1157 914 1219 941 aut
1252 908 1407 954 hostem,

141 947 290 983 insanit.
342 949 389 984 Et
415 949 477 995 qui
508 955 628 984 tantas
659 950 736 996 jam
771 962 867 986 nunc
902 953 1090 999 procellas,
1128 955 1264 1000 proelia
1296 964 1408 1002 atque

140 995 242 1030 acies
257 995 439 1042 jactantie,
460 997 554 1031 iuter
575 1003 715 1043 togatos
732 998 815 1044 ciet7
836 1000 922 1045 quid
953 1001 1046 1035 inter
1071 1009 1251 1037 armatam
1279 1003 1409 1049 juven-

140 1047 258 1078 tutem
276 1054 409 1079 censes
426 1044 621 1089 facturum,
642 1052 678 1080 et
708 1045 768 1080 ubi
796 1047 984 1093 extemplo
1003 1060 1062 1083 res
1079 1049 1192 1084 verba
1216 1051 1407 1096 sequitur‘3

140 1091 254 1137 Atqui
285 1091 314 1126 si
345 1091 415 1137 hic,
443 1092 537 1138 quod
576 1092 759 1128 facturum
793 1105 833 1127 se
868 1094 1076 1141 denunciat,
1106 1097 1294 1144 extemplo
1320 1110 1408 1144 pug-

141 1138 293 1184 naverit,
324 1146 387 1174 aut
422 1151 490 1184 ego
522 1152 596 1174 rem
626 1140 838 1186 militarem,
877 1142 963 1177 belli
1000 1142 1068 1178 hoc
1102 1156 1230 1190 genus,
1262 1145 1408 1181 hostem

140 1185 238 1220 hunc
272 1187 407 1232 ignom,
442 1194 505 1222 aut
547 1187 699 1222 nobilior
740 1189 834 1223 alius
877 1190 1092 1226 Trasimeno
1135 1191 1237 1228 locus
1277 1194 1410 1228 nostris

140 1232 311 1269 cladibus
337 1234 418 1269 erit.
469 1235 550 1270 Nec
583 1235 760 1280 gloriandi
788 1244 936 1283 tempus
964 1238 1142 1274 adversus
1173 1242 1304 1276 unum³
1328 1248 1408 1287 est3

140 1286 177 1316 et
195 1293 263 1327 ego
280 1282 550 1317 contemnendo
568 1284 687 1329 potius
704 1296 815 1330 quam
842 1286 1050 1332 appetendo
1076 1287 1227 1331 gloriam
1255 1289 1409 1324 modum

139 1330 390 1365 excesserim.⁴
439 1329 508 1365 Sed
530 1331 580 1365 ita
600 1343 656 1365 res
675 1343 714 1365 se
742 1331 866 1367 habet.
918 1333 999 1368 Una
1027 1335 1114 1369 ratio
1141 1335 1228 1370 belli
1255 1336 1409 1381 gerendi

138 1376 317 1413 adversus
335 1377 579 1413 Hannibalem
598 1386 663 1420 est,
683 1391 756 1425 qua
774 1392 841 1425 ego
858 1382 967 1426 gessi.
1019 1382 1099 1417 Nec
1122 1389 1277 1418 eventus
1298 1383 1408 1418 modo

138 1423 209 1460 hoc
241 1424 349 1460 docet
383 1425 591 1471 (stultorum
627 1427 693 1461 iste
726 1429 903 1473 magister
935 1430 1007 1475 est)
1040 1430 1105 1464 sed
1140 1430 1275 1465 eadem
1304 1432 1404 1478 ratio,

139 1538 219 1568 sage
242 1528 275 1559 in
299 1528 464 1564 Terence.
491 1529 642 1561 whereas
669 1531 812 1561 indictus
837 1529 886 1561 sor
910 1542 975 1562 non
999 1533 1118 1567 diceus,
1138 1532 1354 1573 particularly
1371 1535 1406 1566 in

139 1567 196 1599 the
220 1570 339 1607 phrase
361 1580 461 1601 causa
487 1571 620 1605 indicta,
645 1570 804 1601 ‘without
824 1570 880 1601 the
897 1571 1030 1601 cause's
1048 1571 1171 1611 having
1187 1573 1272 1604 been
1288 1573 1402 1612 plead-

139 1608 206 1644 ed‚’
226 1608 254 1640 is
277 1616 334 1640 not
358 1620 570 1641 uncommon.
616 1610 761 1650 Fidcque
776 1617 883 1641 vestra
901 1610 1010 1642 would
1035 1611 1120 1642 have
1144 1613 1230 1643 been
1255 1624 1346 1646 more
1370 1615 1404 1647 in

138 1649 339 1681 accordance
357 1650 437 1681 with
454 1661 609 1681 common
627 1661 742 1690 usage,
763 1652 819 1681 but
845 1650 900 1681 the
924 1651 1111 1690 copulative
1135 1653 1349 1693 conjunction
1374 1656 1402 1687 is

139 1689 210 1721 also
227 1696 283 1721 not
300 1690 537 1729 unsrequeutly
553 1691 704 1722 omitted.

180 1731 190 1749 ¹
207 1734 214 1747 ‘
229 1729 308 1762 You
325 1730 394 1761 will
411 1731 442 1761 in
460 1731 534 1761 vain
551 1738 602 1762 act
620 1742 656 1761 as
673 1738 704 1761 at
721 1741 802 1761 once
819 1741 838 1760 a
854 1731 939 1775 good
956 1742 1031 1763 man
1049 1733 1110 1764 and
1129 1744 1147 1764 a
1162 1734 1247 1773 good
1265 1735 1398 1774 citizen,

138 1769 234 1802 ifthe
249 1778 336 1802 state
354 1771 452 1810 limps
469 1771 509 1807 (is
526 1771 625 1806 lame)
641 1781 683 1802 on
700 1770 755 1802 the
772 1770 869 1802 other
884 1771 954 1803 stde
968 1773 989 1802 :’
1015 1775 1187 1804 claudet:
1203 1776 1320 1807 clauda
1337 1783 1397 1814 est,

138 1809 222 1842 from
245 1821 265 1842 a
281 1812 359 1843 verb
375 1813 532 1844 claudere.
580 1811 744 1849 Compare
764 1811 874 1842 Gram.
893 1811 911 1845 ὑ
928 1814 997 1843 212.
1045 1813 1206 1850 Priscian,
1226 1815 1396 1853 however,

136 1851 260 1890 speaks
275 1851 314 1883 of
330 1862 349 1883 a
371 1851 455 1883 form
477 1853 625 1883 claudffre
641 1851 690 1886 (of
707 1851 762 1882 the
787 1851 873 1882 third
897 1853 1135 1893 conjugation),
1156 1855 1267 1888 which
1284 1857 1398 1890 would

136 1891 179 1922 do
193 1902 253 1923 ver
266 1902 275 1912 ⁷
291 1891 368 1923 well
386 1892 477 1925 here.
495 1893 620 1924 claudet
638 1892 738 1931 being
761 1892 793 1922 in
816 1891 887 1922 that
911 1903 986 1924 case
1011 1893 1067 1925 the
1091 1895 1212 1931 future,
1228 1912 1262 1925 =
1279 1898 1398 1930 clauda

137 1933 209 1962 erit.
254 1903 331 1963 ’she
347 1934 428 1964 verb
450 1933 632 1964 claudicare
658 1932 728 1963 also
753 1932 813 1963 has
841 1932 897 1964 the
925 1944 1018 1965 same
1045 1934 1252 1968 intransitive
1275 1948 1394 1976 sense;

137 1972 196 2002 but
213 1971 291 2003 here
306 1974 474 2008 claudicet,
494 1971 602 2003 which
621 1972 647 2002 is
665 1972 719 2003 the
737 1972 874 2013 reading
888 1973 927 2004 of
943 1974 999 2005 the
1023 1974 1180 2012 editions,
1201 1977 1228 2008 is
1245 1986 1301 2008 not
1317 1988 1395 2018 sup-

135 2011 250 2050 ported
268 2014 312 2050 by
325 2013 526 2050 manuscript
544 2012 723 2051 authority.

175 2051 318 2083 ’Nescio
339 2064 383 2083 an
406 2052 478 2088 has.
499 2054 542 2092 by
558 2063 712 2083 common
736 2063 851 2093 usage,
877 2055 1016 2086 become
1040 2055 1072 2086 in
1097 2057 1253 2097 meaning
1274 2068 1316 2089 an
1338 2058 1394 2090 ad-

126 2092 228 2128 verb,
247 2091 328 2123 with
345 2092 401 2123 the
417 2092 504 2124 force
527 2092 566 2124 of
582 2103 643 2123 our
661 2096 669 2108 ⁴
682 2093 846 2132 perhaps!
893 2094 979 2126 This
1006 2099 1013 2112 ‘
1026 2096 1194 2136 perhaps‚‘
1221 2097 1392 2136 however.

134 2131 335 2171 frequently.
354 2141 390 2163 as
415 2132 504 2167 here.
524 2132 620 2164 takes
643 2132 700 2163 the
723 2144 821 2165 sense
845 2134 883 2165 of
904 2139 911 2151 ⁸
924 2136 1098 2175 probably,
1117 2147 1198 2176 very
1214 2138 1391 2179 probably,

134 2171 296 2212 certainly
308 2172 330 2209 ;’
356 2182 394 2204 so
410 2172 481 2203 that
497 2172 553 2203 the.
570 2173 672 2204 doubt
690 2173 717 2204 is
734 2174 861 2214 merely
877 2175 911 2206 in
927 2175 984 2207 the
1002 2176 1098 2213 form,
1118 2184 1174 2208 not
1192 2177 1271 2209 real.

174 2213 187 2231 ⁸
202 2214 210 2228 ‘
225 2212 370 2252 Against
386 2223 404 2244 a
419 2212 527 2252 single
543 2214 643 2244 man.’

173 2253 186 2272 ⁴
202 2254 210 2269 ⁸
221 2251 239 2283 1
253 2262 308 2284 ma
347 2252 431 2284 have
447 2263 532 2292 gone
549 2260 605 2284 too
620 2253 668 2284 sar
684 2253 716 2285 in
732 2253 902 2295 despising
916 2255 1011 2296 glory
1025 2257 1136 2288 rather
1152 2257 1233 2289 than
1249 2258 1282 2290 in
1294 2259 1393 2291 seek-

134 2292 191 2332 ing
201 2291 250 2323 it.’
330 2292 372 2324 he
387 2293 611 2333 subjunctive,
631 2293 663 2325 in
685 2294 742 2326 the
765 2303 900 2334 present
922 2296 987 2328 and
1008 2297 1145 2336 perfect,
1165 2298 1225 2330 has
1247 2298 1314 2331 less
1336 2299 1392 2332 de-

133 2331 305 2365 finiteness
320 2332 400 2365 than
414 2333 472 2365 the
488 2333 676 2375 indicative.
