1539 2508
100 91 176 129 154
639 102 676 127 τ.
706 102 819 127 mvn.

90 176 252 212 universi
286 177 439 211 comiter
471 186 513 209 ac
547 174 704 219 benigne
739 175 899 210 tribunos
925 175 1132 228 appellaro;
1170 181 1207 210 et
1233 186 1362 212 consu-

90 222 195 269 lares,
224 229 263 258 ut
292 223 425 268 cuique
460 234 584 257 eorum
614 223 783 273 privatim
809 222 947 268 aliquid
973 222 1064 268 juris
1088 222 1266 258 adversus
1291 224 1362 259 ein·

88 270 193 316 gulos
225 278 311 315 erat,
349 271 479 315 p·trtim
512 271 636 314 uratia,
673 271 805 315 partim
839 270 1053 304 auctoiitate
1087 269 1288 313 obtinuere,
1322 275 1363 305 ut

90 317 304 353 tribuniciae
324 318 512 363 potestatis
530 318 625 351 vires
643 317 809 351 salubres
827 317 963 352 vellent
990 317 1041 352 rei
1069 317 1239 364 publicae
1265 328 1361 352 esse.

88 365 338 410 Quattuorque
374 365 597 399 tribunorum
626 364 803 398 adversus
831 376 944 399 unum
974 371 1192 400 moratorem
1221 364 1361 410 publici

88 413 270 447 commodi
290 412 424 446 auxilio
442 412 628 446 ‹lelectum
648 412 817 446 consules
836 411 982 447 habent.
1035 412 1124 447 Inde
1149 412 1195 446 ad
1227 412 1363 447 Veiens

87 459 227 494 bellum
248 459 409 505 profecti,
430 471 501 505 quo
521 459 681 503 undique
700 471 745 493 ex
774 459 914 493 Etruria
939 459 1078 494 auxilia
1102 465 1359 505 convenerant,

87 518 156 541 non
189 514 262 541 tam
294 506 505 541 Veientium
535 506 652 550 ‹rratia
685 507 876 550 concitata,
908 517 1020 551 quam
1053 506 1149 551 quod
1184 507 1219 540 in
1254 517 1362 553 spem

88 561 238 588 ventum
281 561 357 588 erat
400 554 583 588 discordia
626 554 798 588 intestina
841 553 991 588 dissolvi
1037 564 1114 588 rem
1158 553 1361 589 Romanam

87 612 207 654 posse.
271 601 532 647 principesque
561 602 595 635 in
629 602 793 635 omnium
829 601 994 635 Etruriae
1028 599 1243 653 populorum
1275 611 1360 635 con-

86 648 184 683 ciliis
202 647 420 693 fremebunt,
440 656 610 682 aeternas
627 660 716 694 opes
733 660 814 682 esse
832 648 1024 692 Romanas,
1045 659 1111 682 nist
1131 648 1223 681 inter
1240 654 1361 682 semet

87 696 152 742 ipsi
180 695 419 731 seditionibus
444 696 621 730 saeviant.
675 696 714 730 Id
746 707 859 730 unum
894 706 1090 738 venenum,
1122 705 1206 728 eam
1235 693 1361 730 labem

86 743 298 778 civitatibus
331 743 511 789 opulentis
545 750 737 788 repertam,
770 749 807 777 nt
842 753 975 787 magua
1011 741 1166 787 imperia
1194 741 1361 776 mortalia

86 797 221 825 essent.
289 791 353 825 Diu
390 791 646 825 sustentatum·
677 791 710 824 i‹l
746 769 925 833 malum,⁶
929 790 1059 834 partim
1095 788 1241 823 Patrum
1276 800 1359 824 con-

86 838 186 891 siliis,
208 839 338 884 partim
359 837 533 883 patientia
560 837 717 883 plebis,
707 849 781 882 Jam
799 836 846 871 ad
866 844 1031 870 extrema
1050 836 1207 870 venisse.
1259 836 1360 871 Duas

86 886 255 919 civitates
279 897 326 919 ex
352 897 423 919 uua
451 885 587 919 factas:
614 896 696 919 suos
725 886 856 929 cuique
883 883 974 928 parti
1002 883 1246 927 magistratus
1274 894 1360 918 suas

86 932 147 978 leg
148 945 189 967 es
205 944 297 967 esse.
353 932 514 967 Primum
542 932 574 965 in
603 932 808 966 delectibus
842 931 998 965 saevire²
1027 929 1171 974 solitos;
1205 929 1355 964 eosdem

87 980 123 1015 in
122 945 249 1015 gbello
278 987 400 1014 tamen
431 980 593 1025 paruisse
621 979 788 1013 ducibus.
839 977 1091 1024 Qualicunque
1120 957 1221 1012 ur’bis
1249 984 1356 1022 statu,

85 1034 259 1062 manente
277 1026 468 1072 disciplina
495 1026 639 1060 militari
659 1027 736 1060 sisti
763 1026 951 1072 potuisse.³
999 1026 1084 1060 Jam
1109 1036 1179 1059 non
1205 1025 1358 1071 parendi

85 1075 360 1120 magistratibus
392 1085 531 1108 morem
567 1074 602 1108 in
633 1081 752 1108 castra
784 1084 936 1126 quoque·
962 1073 1164 1108 Romanurn
1200 1072 1358 1108 militem

86 1134 202 1169 sequi.
255 1122 421 1157 Proximo
448 1121 544 1156 bello
571 1121 608 1156 in
640 1122 716 1167 ipsa
744 1122 836 1165 acie,
866 1133 899 1154 in
929 1121 1007 1173 ipso
1032 1119 1246 1172 certamine,
1273 1131 1356 1154 con·

86 1181 197 1205 sensu
216 1170 400 1205 exercitus
422 1169 593 1203 traditam
620 1169 710 1203 ultro
736 1168 925 1203 victoriam
953 1167 1060 1201 victis
1085 1167 1235 1213 Aequis,
1254 1168 1359 1213 signa

85 1217 240 1261 deserta,
277 1218 536 1261 imperatorem
571 1217 606 1251 in
640 1217 720 1250 acie
762 1216 940 1260 relictum,
981 1214 1119 1268 injussu
1159 1215 1195 1250 iu
1238 1223 1359 1250 castra

86 1265 254 1300 reditum.
324 1264 500 1309 Profecto,
536 1264 566 1298 si
601 1264 763 1308 instetur,
799 1275 863 1298 suo
905 1262 1021 1298 milite
1065 1262 1161 1298 vinci
1202 1263 1358 1298 Romam

84 1324 202 1358 posse
254 1312 354 1347 Nihil
372 1312 472 1346 aliud
490 1323 583 1357 opus
600 1323 691 1354 esse,
707 1322 818 1356 quam
839 1311 945 1345 indici
963 1309 1181 1356 ostendique
1195 1310 1355 1345 bellum:

85 1367 209 1394 cetera
234 1371 299 1394 sua
325 1367 469 1412 sponte
484 1358 559 1393 sata
589 1367 624 1393 et
652 1358 740 1393 deos
767 1366 942 1403 gesturos.
994 1357 1048 1392 Ea
1074 1369 1160 1403 spes
1185 1358 1359 1393 Etruscos

83 1414 299 1451 armaverat,
320 1406 469 1441 multis
462 1406 620 1441 invicem
639 1406 787 1440 casibus
805 1406 922 1440 victos
939 1405 1181 1450 victoresque.

133 1459 190 1490 45.
218 1454 395 1489 Consules
423 1465 568 1500 quoque
602 1453 755 1488 Romani
783 1452 873 1487 nihil
901 1459 1090 1505 praeterea
1116 1451 1215 1487 aliud
1245 1463 1357 1505 quam

84 1514 171 1537 suas
198 1502 306 1547 vires,
336 1513 401 1537 sua
428 1513 530 1536 arma
559 1501 774 1546 horrebant·
810 1512 986 1535 memoria
1014 1500 1166 1546 pessimi
1194 1500 1357 1546 proximo

83 1550 181 1586 bello
210 1550 370 1596 exempli
398 1549 567 1594 terrebat,
599 1560 644 1583 ne
675 1560 752 1583 rem
778 1549 1050 1583 committerent
1077 1550 1147 1593 e0,⁴
1173 1547 1235 1582 ubi
1261 1546 1358 1583 duae

84 1597 195 1633 simul
228 1598 328 1632 acies
363 1596 549 1632 timendae
577 1604 711 1631 essent.
775 1596 904 1642 Itaque
937 1595 1065 1630 castris
1098 1607 1138 1630 se
1167 1595 1354 1641 tenebant,

83 1652 160 1680 tam
203 1645 353 1691 ancipiti
396 1644 556 1697 periculo
598 1644 738 1678 aversi:
733 1645 755 1666 ·⁵
799 1643 900 1678 diem
943 1649 1163 1689 tempusque
1205 1642 1357 1678 forsitan

84 1693 206 1738 ipsum
258 1692 454 1727 leniturum
505 1692 585 1736 iras,
638 1691 924 1737 sanitatemque⁶
965 1691 1099 1724 animis
1147 1689 1354 1725 allaturum.

83 1740 221 1775 Veiens
237 1739 350 1774 hostis
370 1740 590 1784 Etruscique
608 1750 650 1773 eo
671 1739 790 1784 magis
817 1749 1057 1790 praepropere
1081 1749 1214 1783 agere;
1242 1737 1357 1772 laces-

85 1798 166 1822 sere
192 1786 239 1821 ad
266 1798 439 1833 pugnam,
465 1786 583 1832 primo
610 1786 856 1832 obequitando
884 1785 1014 1820 castris
1042 1784 1354 1831 provocandoque,

84 1840 267 1881 postremo
293 1840 331 1868 ut
358 1833 449 1868 nihil
475 1833 683 1879 movebant,
712 1845 784 1879 qua
816 1832 984 1867 consules
1018 1833 1125 1878 ipsos,
1152 1843 1226 1878 qua
1254 1843 1356 1867 exer·

126 1919 136 1936 ¹
154 1917 262 1962 ‘Kept
289 1916 388 1947 down
417 1927 453 1948 or
475 1916 545 1952 off’
572 1923 759 1948 sustentare
780 1915 902 1955 having
925 1923 992 1946 two
1014 1914 1308 1955 significatione—⁸
1320 1923 1356 1948 to

85 1957 257 2030 Ἒεὶηῑαίη,
277 1956 361 1995 keep
377 1957 431 1996 up’
451 1967 469 1988 a
484 1957 570 1997 good
587 1956 701 1997 thing3
727 1956 817 1988 and‘
830 1963 865 1987 to
880 1955 1001 1993 remi-d,
1021 1955 1106 1995 keep
1121 1955 1231 1987 down
1249 1967 1269 1988 a
1290 1956 1357 1988 bad

86 2006 99 2030 t
126 2009 181 2036 ing

125 2034 286 2069 'Saevire
308 2047 423 2090 means
445 2036 645 2076 frequently,
669 2036 874 2076 especially'
866 2047 900 2067 m
921 2036 978 2068 the
1001 2036 1107 2068 comic
1130 2036 1273 2073 writers,
1301 2039 1356 2068 ‘to

86 2078 191 2118 speak
205 2077 369 2118 angrily;'
389 2077 450 2108 and
466 2077 532 2108 this
546 2077 573 2108 is
589 2077 645 2108 the
663 2088 760 2109 sense
776 2077 867 2114 here,
886 2076 935 2109 for
950 2076 1005 2108 the
1021 2076 1188 2108 reference
1204 2077 1232 2108 is
1247 2082 1304 2108 not
1319 2083 1356 2108 to

86 2119 177 2151 cruel
193 2129 230 2150 or
245 2117 324 2149 wild
340 2118 476 2149 actions.

127 2160 140 2178 ³
153 2159 241 2190 See
234 2159 265 2190 ii.
282 2160 333 2190 29.

126 2202 138 2220 ⁴
153 2199 204 2238 Eq
207 2198 353 2231 nivalem
369 2204 404 2230 to
420 2199 454 2229 in
471 2209 540 2229 eum
557 2199 669 2235 locum,
692 2199 779 2230 ‘into
794 2198 876 2230 such
892 2209 912 2230 a
927 2197 1108 2230 situation)

126 2241 139 2260 ⁶
152 2239 230 2272 Scil.
246 2252 266 2270 a
278 2250 393 2280 pugna
407 2240 638 2276 committenda,
661 2239 781 2279 ‘being
793 2237 946 2271 deterred
957 2237 1065 2270 from'
1052 2237 1182 2278 joining
1191 2236 1296 2270 battle
1307 2238 1354 2278 by

87 2280 144 2312 the
160 2279 281 2312 double
297 2279 385 2319 daug
387 2279 444 2310 er.’

127 2321 140 2339 ⁶
153 2320 242 2352 See
234 2320 266 2352 ii.
283 2321 334 2358 29,
352 2330 384 2360 p.
403 2320 473 2357 134,
491 2325 569 2351 note
585 2321 614 2351 3.
