1507 2492
682 104 808 130 :ABER
837 104 879 130 11.
1334 97 1407 134 161

142 182 255 224 erant,
283 176 349 212 se'd
379 181 454 212 tota
483 177 641 222 regione,
669 189 743 223 qua
771 178 914 213 Tuscus
940 189 1028 224 ager
1055 179 1217 214 Romano
1251 179 1408 228 adjacet,

141 236 208 259 sua.
242 232 320 260 tuta
351 225 483 270 omnia,
519 225 653 259 infesta
694 225 864 269 hostium,
901 232 1076 271 vagantes
1109 237 1175 272 per
1210 233 1409 273 utrumque

141 272 282 317 finem,¹
317 271 450 306 fecere.
514 272 750 307 Intervallum
785 273 919 308 deinde
953 274 1050 308 haud
1086 285 1260 318 magnum
1296 286 1409 321 popu-

142 319 335 354 lationibus
363 318 444 363 suit,
473 319 559 354 dum
589 327 625 354 et
651 320 826 354 Veientes
854 322 971 355 accito
1001 333 1047 356 ex
1080 321 1222 356 Etruria
1244 330 1407 357 exercitu

140 367 366 412 praesidium
395 367 590 401 Cremerae
625 374 843 412 oppugnant,
872 375 908 402 et
942 369 1130 403 Romanae
1163 368 1326 414 legiones
1359 370 1408 405 ab

141 414 179 448 L.
199 414 361 448 Aemilio
379 414 528 448 consule
553 414 736 448 addu‘ctae
763 416 971 450 comminus
997 427 1083 450 cum
1110 415 1272 451 Etruscis
1298 416 1407 451 dimi-

139 466 223 495 cant
248 462 341 496 acie.
393 461 625 507 Quamquam
653 463 714 496 vix
739 461 918 507 dirigendi
943 465 1064 497 aciem
1091 464 1255 508 spatium
1276 464 1404 498 Veien-

140 507 239 543 tibus
272 508 362 543 suit:
405 508 500 542 adeo
542 509 636 543 inter
668 509 826 554 primam
867 510 1159 556 trepidationem,
1195 510 1284 546 dum
1327 518 1406 557 post

138 555 243 599 signa
275 555 422 590 ordines
456 556 635 590 introeunt
670 556 906 603 subsnliaque
940 558 1072 596 locant,
1107 558 1254 591 invecta
1286 559 1406 593 subito

137 602 186 636 ab
220 602 336 637 latere
369 603 533 637 Romana
566 603 730 649 equitum
766 603 824 638 ala
859 616 928 639 non
962 616 1107 651 pugnae
1138 605 1244 639 modo
1280 606 1406 652 incipi-

139 649 269 695 endae,
289 650 352 684 sed
378 650 599 684 consistendi
625 650 763 685 ademit
790 651 922 686 locum.
975 653 1028 686 lta
1048 652 1117 686 susi
1137 659 1229 686 retro
1247 652 1291 687 ad
1311 654 1407 688 Saxa

140 696 261 732 Rubra
279 697 344 742 (ibi
361 704 479 731 eastra
506 697 706 743 habebant)
733 709 863 743 pacem
891 699 1077 745 supplices
1102 705 1241 744 petunt.
1294 700 1406 746 Cujus

140 743 364 789 impetratae,
379 745 426 779 ab
444 744 553 779 insita
570 745 705 779 animis
723 745 898 792 levitate,²
910 754 994 780 ante
1013 746 1214 781 deductum
1233 747 1406 782 Cremera

140 790 340 826 Romanum
360 791 582 837 praesidium
603 792 793 837 poenituit.

184 841 240 872 50.
275 837 414 872 Rursus
453 849 539 873 cum
576 839 698 874 Fabiis
740 845 816 874 erat
850 840 995 875 Veienti
1029 840 1172 887 populo,
1209 841 1289 875 sine
1330 841 1404 877 ullo

138 885 285 930 majoris
327 885 411 920 belli
454 894 641 931 apparatu,
677 893 884 932 certamen,
927 899 996 922 nec
1038 894 1138 922 erant
1181 888 1405 924 incursiones

137 933 243 966 modo
271 933 303 967 in
331 943 436 978 agros
459 941 521 968 aut
548 934 659 968 subiti
689 935 848 980 impetus
874 936 1147 981 incursantium,
1175 936 1238 970 sed
1266 936 1403 982 aliquo-

137 979 231 1014 tiens
246 990 366 1025 aequo
389 991 521 1026 campo
546 981 761 1026 collatisque
789 983 903 1028 signis
927 990 1117 1027 certatum,
1138 995 1302 1029 gensque
1331 996 1404 1019 una

182 1026 258 1072 puli
292 1027 446 1062 Romani
479 1039 591 1073 saepe
625 1039 671 1063 ex
706 1029 996 1074 opulentissima,
1024 1037 1062 1064 ut
1092 1037 1169 1064 tum
1200 1042 1257 1064 res
1285 1038 1401 1078 erant,

135 1037 290 1108 Elotmsca
323 1074 470 1109 civitate
500 1075 688 1110 victoriam
720 1077 811 1110 tulit.
863 1078 903 1111 Id
937 1078 1052 1122 primo
1081 1077 1257 1112 acerbum
1287 1078 1402 1123 indig-

135 1131 298 1166 numque
316 1121 533 1156 Veientibus
558 1128 613 1156 est
633 1123 773 1167 visum;
801 1124 887 1158 inde
913 1124 1107 1158 consilium
1135 1136 1181 1158 ex
1207 1136 1245 1158 re
1271 1132 1401 1161 natum

135 1167 274 1202 insidiis
307 1167 467 1203 ferocem
501 1169 643 1204 hostem
678 1170 859 1215 captandi.
921 1171 1092 1205 Gaudere
1126 1171 1250 1215 etiam,
1287 1172 1402 1208 multo

135 1225 309 1249 successu
334 1215 459 1250 Fabiis
481 1215 673 1250 audaciam
698 1228 872 1251 crescere.
924 1218 1051 1263 Itaque
1078 1224 1115 1252 et
1144 1230 1275 1264 pecora
1298 1231 1401 1265 prae-

135 1261 307 1296 dantibus
340 1262 566 1308 aliquotiens,
603 1263 701 1298 velut
735 1275 823 1298 casu
856 1265 1082 1310 incidissent,
1113 1266 1260 1300 obviam
1295 1274 1400 1313 acta;

134 1315 171 1343 et
196 1309 394 1354 agrestium
422 1309 508 1354 fuga
533 1311 626 1344 vasti
654 1310 768 1345 relicti
793 1312 889 1357 agri,
923 1319 959 1346 et
986 1312 1151 1347 subsidia
1176 1321 1400 1350 armatorum

133 1355 180 1390 ad
198 1356 376 1391 arcendas
394 1356 644 1403 populationes
669 1358 779 1392 missa
805 1360 951 1404 saepius
977 1360 1160 1406 simulam,
1179 1372 1291 1406 quam
1311 1373 1397 1397 vero

160 1414 268 1438 avore
314 1403 537 1449 refugerunt.
605 1405 760 1450 Jamque
804 1406 909 1441 Fabii
958 1407 1052 1442 adeo
1102 1415 1400 1454 contempserant

134 1414 291 1496 gustem,
326 1461 364 1485 ut
399 1463 464 1486 sua
497 1452 629 1486 invicta
663 1464 765 1487 arma
798 1465 917 1498 neque
951 1454 1030 1488 loco
1070 1467 1190 1500 neque
1233 1464 1398 1502 tempore

134 1497 207 1532 ullo
240 1498 432 1533 crederent
465 1499 634 1533 sustineri
669 1511 784 1545 posse.
838 1501 938 1535 Haec
967 1513 1051 1547 spes
1077 1503 1252 1548 provexit,
1282 1511 1317 1538 ut
1352 1504 1400 1539 ad

133 1552 329 1591 conspecta
354 1545 478 1591 procul
496 1557 517 1579 a
535 1546 705 1581 Cremera
731 1559 862 1592 magno
888 1550 1008 1594 campi
1038 1549 1226 1583 intervallo
1254 1562 1397 1597 pecora,

133 1602 358 1637 quamquam
400 1593 492 1626 rara³
533 1593 693 1628 hostium
733 1595 957 1640 apparebant
1000 1607 1112 1640 arma,
1148 1596 1397 1633 decurrerent.

134 1638 179 1673 Et
221 1651 306 1674 cum
341 1639 532 1685 improvidi
567 1640 683 1674 effuso
717 1652 823 1676 cursu
857 1642 1009 1676 insidias
1043 1644 1140 1677 circa
1174 1644 1294 1689 ipsum
1330 1645 1398 1680 iter

133 1684 270 1721 locatas
311 1693 556 1733 superassent,
592 1687 776 1733 palatique
810 1690 947 1734 passim
981 1702 1083 1735 vaga,
1119 1696 1158 1724 ut
1191 1691 1231 1726 fit
1265 1703 1398 1737 pavore

132 1733 277 1778 injecto,
313 1740 480 1779 raperent
513 1746 654 1780 pecora,
691 1735 811 1769 subito
845 1747 892 1771 ex
924 1737 1064 1772 insidiis
1096 1739 1334 1784 consurgitur,
1362 1746 1399 1775 et

132 1781 276 1816 adversi
301 1787 338 1815 et
363 1781 525 1827 undique
553 1782 676 1816 hostes
702 1788 816 1816 erant.
868 1784 988 1818 Primo
1007 1784 1145 1819 clamor
1162 1786 1400 1822 circumlatus

132 1828 316 1873 exterruit,
351 1827 438 1862 dein
472 1828 546 1862 tela
578 1829 625 1864 ab
659 1829 758 1863 omni
792 1836 892 1875 parte
931 1832 1161 1866 accidebant.
1228 1834 1398 1869 Coeunti-

131 1874 275 1921 busque
309 1875 483 1920 Etruscis,
509 1875 584 1921 jam
620 1877 818 1911 continenti
851 1879 998 1923 agmine
1031 1886 1255 1915 armatorum
1289 1881 1394 1927 septi,

131 1933 202 1967 quo
235 1922 354 1968 magis
386 1934 425 1957 se
459 1922 574 1957 hostis
607 1923 797 1970 inferebat,
827 1926 1050 1970 cogebantur
1082 1925 1247 1962 breviore
1281 1929 1397 1974 spatio

132 1976 169 2003 et
201 1969 273 2015 ipsi
306 1969 434 2005 orbem
466 1969 650 2014 colligere.
714 1970 818 2008 Quae
852 1983 910 2007 res
943 1979 979 2007 et
1012 1975 1237 2019 paucitatem
1271 1987 1398 2010 eorum

131 2015 331 2061 insignem⁴
379 2023 415 2051 et
463 2017 738 2051 multitudinem
781 2019 1026 2066 Etruscorum,
1068 2021 1320 2067 multiplicatis
1360 2023 1398 2057 in

130 2069 208 2097 arto
225 2062 421 2110 ordinibus,
440 2064 610 2098 faciebat.
661 2064 755 2099 Tum
778 2066 914 2101 omissa
931 2066 1065 2113 pugna,
1083 2080 1194 2114 quam
1215 2069 1250 2102 in
1268 2080 1398 2103 omnes

133 2122 1392 2133 Ήῄ

132 2149 339 2221 ἀῇῐξευῖιΙΙγ
362 2150 418 2182 the
448 2150 554 2190 plural
577 2151 610 2181 in
638 2150 705 2182 this
729 2162 825 2183 sense
855 2153 894 2184 of
917 2155 1138 2195 ‘boundary‚’
1173 2166 1210 2187 or
1235 2158 1242 2171 ⁴
1258 2155 1397 2189 frontier

154 2196 319 2261 ls't‘nFc‘isom
335 2230 392 2262 the
409 2231 518 2262 innate
535 2230 714 2262 fickleness
731 2231 769 2263 of
785 2232 871 2265 their
886 2234 1019 2266 minds.'

170 2271 183 2289 ³
199 2272 207 2286 ‘
221 2270 311 2301 Here
327 2271 392 2302 and
409 2271 524 2302 there?

171 2311 183 2330 ⁴
199 2312 207 2326 ‘
224 2308 617 2352 Visible⁷=c0nspicuam.
662 2311 725 2343 See
742 2312 762 2344 i.
779 2315 833 2352 69,
852 2325 883 2354 p.
900 2317 954 2353 69,
973 2321 1050 2347 note
1069 2317 1096 2347 1.

278 2352 356 2386 14*
755 2365 775 2388 1.
