1539 2508
98 93 178 130 330
648 102 686 129 Τ.
707 102 823 129 mvn.

98 189 244 224 quoque
278 177 483 212 Romanum
518 176 769 223 conquisitum
802 176 1065 226 sepultumque
1097 177 1249 226 quidam
1276 188 1363 214 auc·

99 233 194 260 tores
221 231 314 259 sunt.

152 274 221 308 Eos
238 273 299 318 qui
320 271 519 307 Canusium
539 271 773 325 perfugerant
793 273 925 307 mulier
942 272 1064 320 Apula
1088 273 1236 309 nomine
1252 272 1360 320 Busa,

97 332 233 365 genere
252 320 349 354 clara
367 331 408 354 ac
428 319 577 364 divitiis,
599 320 794 354 moenibus
821 326 963 355 tantum
991 320 1171 368 tectisque
1195 332 1219 356 a
1243 321 1362 356 Canu-

97 368 188 402 sinis
205 373 387 413 acceptos,
410 366 603 414 frumento,
625 374 738 412 veste,
759 368 893 402 viatico
920 369 1034 404 etiam
1057 367 1173 415 juvit;
1228 379 1263 403 ro
1288 379 1362 415 qua

97 417 130 449 ei
166 415 418 450 munificentia
452 422 588 461 postea,
625 415 720 450 bello
754 415 928 462 persectO,
963 415 1012 451 ab
1044 422 1174 452 senatu
1233 426 1362 452 onores

97 463 213 498 habiti
239 469 334 496 sunt.

146 513 200 544 53.
244 509 415 544 Ceterum
451 521 537 545 cum
572 510 623 545 ibi
658 510 792 545 tribuni
828 509 988 545 militum
1021 516 1192 557 quattuor
1224 516 1358 558 essent,

98 558 235 593 Fabius
261 557 451 592 Maximus
476 557 523 592 de
551 557 693 603 legione
723 558 849 604 prima,
870 558 976 604 cujus
1027 564 1106 593 ater
1122 558 1239 605 priore
1263 569 1359 594 anno

95 606 250 640 dictator
268 604 396 649 suerat,
417 612 452 639 et
471 605 518 640 de
537 605 682 651 legione
702 606 865 640 secunda
883 606 923 641 L.
944 570 1131 641 Puglicius
1154 605 1307 641 Bibulus
1323 611 1360 640 et

98 653 136 688 P.
155 651 344 687 Cornelius
370 652 499 699 Scipio,
527 660 562 688 et
593 652 640 687 de
670 653 812 698 legione
843 655 948 688 tertia
973 655 1044 700 Ap.
1071 652 1248 689 Claudius
1275 652 1358 688 Pul-

97 700 194 743 cher,
223 700 285 745 qui
316 700 480 746 proxime
515 701 645 735 aedilis
678 701 806 747 fuerat,
834 702 999 736 omnium
1033 712 1213 737 consensu
1241 700 1287 735 ad
1317 700 1357 736 P.

96 748 302 793 Scipionem
345 747 545 783 admodum
587 748 863 784 adolescentem
897 755 933 784 et
975 749 1023 784 ad
1059 750 1126 796 Ap.
1162 747 1359 784 ClaudIum

96 805 242 830 summa
284 795 426 840 imperii
469 796 592 830 delata
633 802 701 830 est.
753 796 893 835 Quibus
933 795 1225 832 consultantibus
1265 796 1361 831 inter

96 854 232 889 paucos
249 841 296 876 de
314 853 459 877 summa
478 855 596 878 rerum
616 843 763 878 nunciat
784 844 822 879 P.
844 843 975 879 Furius
1000 843 1138 890 Philus,
1157 843 1360 879 consularis

97 890 164 925 viri
189 889 296 934 filius,
316 890 563 936 nequicquam
590 901 652 925 eos
678 891 856 937 perditam
884 903 988 937 spem
1016 891 1163 936 sovere5
1188 890 1359 938 despera-

97 944 170 972 tam
197 936 534 984 comploratamque
563 949 639 972 rem
666 949 748 972 esse
775 939 974 984 publicam.
1027 938 1180 974 Nobiles
1203 938 1360 984 juvenes

95 985 287 1031 quosdam,
315 996 471 1030 quorum
498 985 702 1032 principem
722 985 761 1020 L.
781 986 984 1021 Caecilium
1012 985 1237 1031 Metellum)
1254 996 1358 1021 mare

95 1044 138 1068 ac
157 1044 270 1067 naves
289 1039 467 1079 spectare,
489 1039 526 1068 ut
545 1033 690 1068 deserta
709 1033 812 1068 Italia
829 1033 877 1068 ad
897 1045 1024 1079 regum
1049 1033 1228 1080 aliquem²
1245 1039 1358 1068 trans-

98 1080 254 1126 fugiant.
305 1079 410 1117 Quod
438 1080 587 1125 malum,
608 1088 862 1127 praeterquam
889 1082 1020 1127 atrox,³
1037 1092 1146 1127 super
1164 1087 1215 1116 tot
1232 1080 1360 1116 clades

96 1129 208 1163 etiam
234 1138 380 1173 novum,
408 1139 493 1162 cum
525 1135 669 1174 stupore
699 1140 743 1163 ac
770 1128 948 1163 miraculo
984 1129 1141 1175 torpidos
1168 1128 1360 1164 defixisset

95 1176 158 1222 qni
175 1176 355 1218 aderant,⁴
372 1182 408 1210 et
426 1175 618 1211 consilium
636 1175 896 1211 advocandum
909 1176 957 1211 de
970 1187 1014 1211 eo
1026 1181 1231 1222 censerent,
1250 1183 1360 1222 negat

98 1223 243 1258 consilii
275 1234 351 1257 rem
381 1234 463 1257 esse
492 1223 609 1270 Scipio
638 1223 796 1270 juvenis,
824 1223 962 1259 satalis⁶
978 1223 1053 1259 dux
1077 1223 1233 1270 hujusce
1259 1223 1358 1259 belli.

96 1270 320 1306 Audendum
346 1276 457 1316 atque
483 1271 678 1317 agendum,
707 1283 777 1306 non
807 1271 1088 1307 consultandum
1117 1273 1169 1306 ait
1196 1271 1231 1306 in
1259 1277 1360 1307 tanto

96 1317 194 1353 malo
214 1329 306 1353 esse.
361 1318 457 1353 Irent
476 1330 606 1353 secum
625 1319 810 1365 extemplo
827 1320 970 1365 armati,
991 1320 1053 1365 qui
1077 1330 1155 1354 rem
1172 1318 1360 1365 publicam

96 1365 237 1400 salvam
257 1365 407 1400 vellent.
458 1366 570 1401 Nullo
589 1366 666 1401 loco
685 1368 816 1413 verius,
844 1379 957 1413 quam
984 1367 1050 1402 ubi
1075 1378 1120 1402 ea
1145 1367 1358 1414 cogitentur,

97 1412 259 1448 hostium
278 1419 396 1448 castra
415 1424 509 1448 esse.
561 1414 684 1460 Pergit
702 1415 752 1449 ire
772 1415 1013 1461 sequentibus
1035 1415 1162 1461 paucis
1179 1415 1217 1450 in
1234 1414 1357 1460 hospi·

97 1461 191 1495 tium
209 1461 362 1506 Metelli,
391 1467 427 1495 et
453 1473 538 1496 curn
557 1462 752 1497 concilium
779 1462 828 1498 ibi
853 1462 1029 1509 juvenum
1047 1462 1095 1497 de
1112 1462 1248 1509 quibus
1271 1461 1360 1497 alla-

97 1514 175 1542 tum
202 1515 280 1543 erat
309 1508 518 1555 invenisset,
539 1510 664 1546 stricto
690 1521 800 1556 super
827 1510 949 1556 capita
975 1509 1261 1545 consultantium
1285 1509 1361 1555 gla-

96 1555 167 1600 dio,
190 1556 268 1591 ‘Ex
285 1556 359 1590 mei
385 1556 499 1591 animi
527 1557 735 1592 sententia⁷⁶
752 1558 867 1604 inquit
888 1559 946 1593 ‘ut
971 1569 1039 1604 ego
1065 1568 1144 1593 rem
1172 1556 1361 1604 publicam

98 1603 220 1649 populi
240 1604 391 1638 Romani
418 1615 486 1639 non
515 1603 696 1649 deseram,
716 1617 837 1652 neque
863 1604 978 1640 alium
1005 1605 1129 1640 civem
1154 1605 1362 1641 Romanum

98 1650 269 1686 deserere
299 1652 428 1697 patiar.
479 1651 514 1687 Si
543 1653 664 1688 sciens
692 1652 790 1699 fallo,
819 1661 899 1688 tum
925 1664 998 1699 me,
1022 1653 1190 1700 Juppiter
1215 1653 1362 1700 Optime

138 1759 147 1776 ¹
163 1754 240 1787 Scil.
259 1767 338 1792 esse,
358 1755 422 1787 and
438 1766 475 1787 as
491 1762 525 1787 to
541 1756 608 1788 this
625 1757 854 1789 construction
869 1756 907 1788 os
924 1757 982 1788 the
998 1757 1189 1788 accusative
1206 1756 1290 1788 with
1304 1756 1363 1789 the

99 1795 274 1831 infinitive,
294 1796 425 1828 instead
442 1796 480 1827 os
498 1796 554 1828 the
572 1798 799 1834 sub'unctive,
818 1808 876 1829 see
895 1797 1008 1829 Gram.
1025 1797 1044 1831 ὃ
1060 1799 1130 1830 386.

137 1837 150 1854 ²
164 1836 264 1867 Some
282 1847 344 1867 one
361 1836 399 1868 os
411 1837 466 1868 the
484 1836 583 1877 kings
599 1848 619 1869 o
645 1839 705 1870 the
721 1837 1095 1870 Graeco-Macedonian
1106 1837 1227 1878 dynast
1255 1861 1263 1873 .
1278 1837 1363 1870 such

99 1887 134 1908 as
153 1876 370 1908 Ptolemaeus
390 1875 583 1916 Philopator
599 1878 637 1910 of
648 1879 774 1919 Egypt,
794 1879 987 1910 Antiochus
1002 1878 1060 1910 the
1079 1877 1182 1910 Great
1198 1888 1219 1910 e
1248 1878 1358 1918 Syria,

99 1917 180 1948 both
198 1917 236 1948 of
255 1917 366 1948 whom
389 1918 525 1957 reigned
543 1926 575 1950 at
593 1919 668 1951 that
682 1920 776 1956 time,
796 1930 833 1951 or
855 1919 952 1951 other
974 1919 1087 1960 kings,
1104 1917 1144 1951 of
1160 1916 1361 1960 Pergamus,

99 1957 137 1989 of
155 1957 328 1997 Bithynia,
348 1968 384 1989 or
400 1968 485 1989 even
504 1957 614 1999 Philip
631 1960 697 1991 ΙΙΙ.
715 1960 754 1992 of
772 1960 983 1992 Macedonia.

139 1999 151 2017 ³
165 1998 368 2037 Equivalent
386 2005 420 2030 to
434 2002 760 2046 praeterquam-quod
775 2007 869 2032 atrox
885 2006 965 2032 erat.
1010 1999 1075 2032 See
1099 1999 1237 2040 Zumpt,
1255 1999 1274 2034 δ
1290 2002 1363 2033 735.

139 2039 265 2110 ⁴t‘lr1ad
288 2038 377 2071 fixed
401 2046 434 2071 to
457 2039 514 2071 the
537 2049 611 2080 spot
630 2042 712 2073 wnh
738 2048 948 2074 amazement
971 2041 1068 2073 those
1084 2040 1162 2073 who
1177 2051 1267 2073 were
1289 2051 1363 2081 pre·

100 2088 159 2110 sen
179 2104 185 2111 .

141 2120 153 2138 ⁶
171 2123 178 2136 ⁴
191 2119 355 2152 Destined
371 2121 416 2191 bfy
432 2119 522 2152 fate.’

141 2161 153 2178 ⁶
166 2160 199 2190 A
216 2170 370 2192 common
400 2160 529 2192 ormula
544 2161 582 2193 of
592 2164 829 2199 asseveration,
845 2162 945 2202 equal
960 2169 995 2194 to
1007 2173 1068 2194 our
1082 2165 1090 2179 ‘
1101 2172 1145 2194 on
1159 2161 1288 2194 honour
1299 2162 1365 2194 and

101 2200 320 2232 conscience!
366 2201 407 2232 In
422 2201 559 2242 looking
575 2211 607 2234 at
622 2204 658 2237 it.
677 2204 733 2235 the
751 2204 898 2236 addition
912 2203 951 2235 of
966 2203 1024 2235 the
1039 2202 1193 2243 personal
1214 2212 1365 2242 pronoun

102 2247 192 2271 must
222 2248 279 2272 not
309 2242 350 2272 be
380 2241 559 2281 forgotten.
619 2242 732 2284 Neque
761 2245 796 2276 in
824 2245 881 2276 the
911 2243 1084 2284 following
1113 2243 1228 2275 clause
1259 2247 1364 2280 (more

102 2278 291 2352 {geggpently
315 2288 382 2317 nec)
405 2283 433 2315 is
448 2297 482 2311 =
501 2285 722 2325 rte—quidem,
745 2288 822 2317 ‘not
846 2285 955 2318 even)
1002 2284 1067 2323 See
1091 2283 1227 2324 Zumpt,
1245 2283 1265 2319 ᾗ
1285 2286 1360 2321 277,

1531 2149 1539 2209 4——
