1539 2508
91 92 144 128 82
638 101 674 128 τ.
709 101 828 128 uvir.

89 175 173 212 Non
205 175 272 213 tibi
299 175 347 213 ab
373 175 543 213 Corintho
567 187 637 211 nec
663 175 711 211 ab
735 175 955 223 Tarquiniis,
981 180 1021 212 ut
1047 174 1140 224 patri
1166 181 1238 223 tuo,
1264 186 1370 230 pere·

87 224 194 270 grina
228 236 339 270 regna
368 225 500 260 moliri'
532 235 686 259 necesse
716 230 784 259 est.
840 224 895 259 Dii
925 230 962 259 te
991 232 1146 271 penates
1174 226 1368 273 patriique,

87 277 125 306 et
150 272 263 319 patris
290 273 439 316 iinago,²
457 278 492 306 et
519 272 651 306 domus
679 273 791 317 regia,
810 279 846 306 et
874 272 908 307 in
936 272 1044 307 domo
1073 273 1195 318 regale
1221 273 1353 309 solium

87 325 124 354 et
154 331 287 355 nomen
318 320 576 366 Tarquinium³
609 327 710 354 creat
747 326 925 365 vocatque
961 331 1098 365 regem.
1153 323 1226 356 Aut
1256 321 1286 356 ai
1319 300 1367 356 acl

87 365 182 402 haec
210 380 336 414 parum
365 374 419 402 est
447 368 572 412 animi,
601 367 688 414 quid
719 367 902 402 frustrans
928 368 1144 403 civitatem?
1206 368 1301 408 Quid
1330 376 1367 404 te

87 420 127 450 ut
146 426 288 460 regium
305 415 481 460 juvenem
507 415 670 462 conspici
697 415 813 450 sinis?
867 415 1025 451 Facesse
1045 416 1130 450 hinc
1148 416 1368 463 Tarquinios

84 469 147 498 aut
177 463 413 508 Corintiium3
448 463 645 498 devolvere
677 470 770 498 retro
804 463 848 498 ad
886 463 1049 510 stirpem,
1079 463 1178 498 fratri
1212 465 1368 500 similior

85 521 196 557 quam
233 511 370 557 patris⁴
438 511 501 546 His
543 511 700 558 aliisque
737 510 956 558 increpando
990 511 1169 558 juvenem
1205 511 1364 559 instigat,

85 569 153 593 nec
184 560 447 605 conquiescere
483 559 562 605 ipsa
592 565 722 606 potest.
750 559 793 606 si,
828 571 914 594 cum
950 559 1143 605 Tanaquil,
1171 562 1368 606 peregrina

84 606 230 652 mulier,
267 614 409 641 tantum
449 607 566 642 moliri
602 607 780 654 potuisset
823 608 956 653 animo,
992 614 1030 642 ut
1073 606 1147 642 duo
1190 608 1367 643 contiuua

85 664 197 699 regna
228 654 303 689 viro
332 667 375 689 ac
405 653 582 702 deinceps
610 666 746 698 genero
776 655 952 700 dedisset,
982 655 1061 702 ipsa
1096 656 1194 700 regio
1223 656 1366 691 semine

82 711 160 736 orta
203 702 344 738 nullum
389 705 633 738 momentum⁵
676 703 709 737 in
753 702 875 737 dando
925 702 1201 750 adimendoque
1252 714 1366 749 regno

82 749 235 785 faceret.
299 751 366 786 His
401 750 642 786 muliebribus
677 751 874 786 instinctus
908 751 1011 786 furiis
1044 751 1117 786 Tar
1146 751 1267 786 ninius
1299 751 1365 786 cir-

82 799 226 833 cumire
254 805 289 834 et
318 811 490 845 prensare
518 799 699 833 minorum
730 799 893 834 maxime
919 798 1102 844 gentium⁸
1154 805 1274 843 atre-⁴5
1300 798 1365 834 ad·

82 857 234 881 monere
254 847 394 892 paterni
416 846 597 891 beneficii,
618 858 661 881 ac
682 858 743 892 pro
762 858 805 880 eo
823 847 976 892 gratiam
999 853 1186 893 repetere;
1212 846 1365 883 allicere

81 892 187 929 donis
217 894 397 941 juvene33
432 896 533 930 cum⁷
561 895 608 929 de
643 907 682 929 se
719 895 883 940 ingentia
912 894 1130 941 pollicendo,
1159 901 1235 930 tum
1268 895 1365 940 regis

81 942 299 978 criminibus
318 942 490 978 omnibus
510 942 598 977 locis
612 954 792 978 crescere.
846 942 1035 977 Postremo
1050 949 1086 977 ut
1104 941 1181 988 jam
1194 943 1363 988 agendae

81 989 133 1025 rei
163 994 310 1037 tempus
336 991 454 1025 visum
483 997 548 1035 est,
569 991 726 1037 stipatus
751 991 900 1037 agmine
926 997 1151 1025 armatorum
1179 990 1215 1025 in
1244 989 1364 1027 sorum

80 1036 229 1084 irrupit3
266 1037 350 1073 inde
384 1038 556 1073 omnibus
591 1038 768 1084 perculsis
802 1049 947 1085 pavore,
977 1039 1011 1073 in
1047 1037 1148 1084 regia
1181 1037 1272 1073 sede
1299 1049 1363 1086 pro

80 1085 183 1120 curia
201 1086 347 1131 sedens,
370 1086 497 1120 Patres
515 1087 548 1120 in
569 1087 708 1120 curiam
734 1098 796 1132 per
815 1097 1037 1133 praeconem
1055 1086 1101 1120 ad
1122 1097 1247 1139 regem
1274 1086 1362 1121 Tar-

79 1133 249 1180 quinium
282 1134 385 1168 citari
419 1134 538 1180 jussit.
592 1134 805 1169 Convenere
841 1133 1038 1180 externplo,
1069 1133 1132 1168 alii
1163 1145 1240 1180 Jam
1274 1140 1362 1170 ante

78 1180 125 1216 ad
161 1180 229 1216 hoc
263 1182 480 1228 praeparati,
508 1181 568 1216 alii
604 1188 716 1227 metu,
746 1194 791 1216 ne
822 1193 892 1216 non
923 1181 1071 1216 venisse
1100 1180 1220 1216 fraudi
1249 1188 1360 1228 esset,

78 1228 244 1264 novitate
273 1241 317 1264 ac
348 1229 524 1264 miraculo
546 1229 689 1264 attoniti
721 1236 757 1264 et
785 1229 861 1276 jam
893 1229 940 1264 de
969 1229 1093 1264 Servio
1115 1229 1257 1264 actum*
1280 1230 1360 1265 rati.

78 1276 134 1312 Ibi
169 1277 391 1324 Tarquinius
419 1277 618 1312 maledicta
652 1276 700 1312 ab
735 1278 847 1323 stirpe
883 1277 1014 1312 ultima
1047 1288 1170 1312 orsus:
1206 1277 1361 1313 Servum

79 1335 260 1372 servaque
295 1332 423 1360 natum
459 1331 538 1371 post
573 1331 730 1360 mortem
766 1324 955 1370 indignam
990 1325 1151 1371 parentis
1184 1325 1253 1371 sui,
1289 1336 1362 1362 non

79 1372 300 1419 interregno,
336 1380 375 1408 ut
409 1380 531 1417 antea,
568 1373 666 1418 inito,
704 1384 773 1408 non
809 1373 971 1408 comitiis
1005 1371 1151 1418 habitis,
1188 1384 1257 1408 non
1293 1384 1361 1419 per

78 1420 299 1466 suffragium
334 1421 469 1468 populi,
498 1432 568 1455 non
598 1421 809 1456 auctoribus
845 1420 1025 1466 Patribus,
1059 1420 1232 1456 muliebri
1265 1420 1361 1456 dono

77 1479 233 1508 regnum
259 1480 474 1515 occupasse.
527 1469 580 1504 Ita
606 1475 744 1515 natum,
766 1470 815 1503 ita
833 1476 998 1504 creatum
1020 1479 1158 1514 regem,
1179 1467 1361 1504 fautorem

77 1515 198 1552 infimi
216 1517 366 1563 generis
384 1516 588 1562 hominum,
609 1528 657 1552 ex
675 1528 747 1563 quo
768 1517 845 1564 ipse
872 1517 927 1560 sit,
947 1516 1029 1551 odio
1056 1516 1201 1551 alienae
1229 1517 1360 1552 hones-

77 1564 166 1600 tatis
198 1571 369 1612 ereptum
400 1564 619 1612 primoribus
652 1577 780 1610 agrum
817 1564 1068 1600 sordidissimo
1096 1564 1232 1611 cuique
1265 1564 1361 1600 divi-

119 1687 130 1705 ¹
144 1686 346 1726 Equivalent
364 1694 397 1718 to
414 1688 543 1718 moleste
556 1698 751 1728 comparare.
774 1691 781 1704 ⁴
795 1695 829 1719 to
845 1687 923 1728 gain
940 1687 1021 1719 with
1038 1686 1230 1727 difficulty.’

118 1728 131 1747 ²
145 1727 183 1758 In
201 1727 256 1759 the
273 1738 372 1759 sense
389 1728 427 1759 os
445 1729 609 1759 nobilitas.
656 1728 720 1760 See
739 1728 758 1760 i.
776 1730 826 1760 34.

118 1769 130 1787 ³
144 1767 237 1800 Used
251 1768 464 1808 adjectively.
479 1768 545 1799 like
560 1770 610 1799 Im:
627 1768 750 1803 Tullia.
767 1771 879 1800 horrea
894 1768 1097 1809 Sempronia.
1113 1769 1184 1809 pila
1198 1767 1355 1806 Horatia,

79 1809 147 1841 διο.
165 1808 339 1840 where-ver
355 1809 411 1840 the
437 1819 534 1840 name
551 1809 611 1840 has
635 1820 676 1840 an
700 1809 865 1849 adjective
890 1808 983 1840 form.
1030 1808 1198 1848 Compare
1214 1809 1235 1840 i.
1252 1810 1303 1846 26,
1322 1819 1355 1849 p.

76 1852 131 1909 ⁵23
146 1856 228 1935 ’ῗῗὲ
239 1851 432 1935 ὲὶοῐεοηῑίηε
456 1890 661 1935 manuscript
677 1889 746 1935 'has
768 1889 934 1935 geniti-ves
957 1889 1354 1935 heregfratrix—pacrr’s,

76 1930 142 1963 and
158 1930 226 1962 this
242 1941 318 1962 case
336 1941 364 1962 is
381 1941 461 1969 very
477 1930 636 1966 sunable,
655 1941 746 1962 smce
771 1930 827 1962 the
851 1929 1028 1970 similarity
1046 1941 1073 1962 is
1090 1941 1122 1962 ιη
1140 1929 1278 1967 mental,
1298 1938 1357 1963 not

77 1970 192 2011 bodily
205 1971 374 2010 qualities.
420 1971 602 2008 However,
619 1971 676 2002 the
692 1970 802 2003 dative
817 1970 888 2002 also
900 1981 1019 2003 occurs
1031 1971 1229 2004 sometimes
1242 1971 1276 2004 in
1289 1971 1356 2004 this

76 2022 351 2098 sepsffnfluence,
370 2052 507 2092 power.r

116 2094 130 2112 ⁶
143 2093 208 2125 See
225 2104 246 2125 1.
263 2096 314 2129 35,
331 2104 362 2132 p.
379 2095 432 2130 66,
452 2100 529 2125 note
546 2095 576 2124 5.

116 2136 129 2153 ⁷
143 2133 281 2166 Instead
296 2133 335 2166 of
353 2134 409 2166 the
425 2134 580 2174 ordinary
594 2134 742 2175 reading.
762 2141 955 2172 tum—lum,
974 2145 1027 2166 we
1043 2134 1129 2166 have
1145 2134 1246 2175 given
1267 2133 1354 2167 from

75 2174 134 2207 the
157 2176 231 2207 best
255 2175 479 2214 manuscripts
501 2182 712 2208 cum—lum.
740 2177 883 2208 because
908 2176 964 2207 the
981 2175 1195 2207 accusatione
1216 2185 1272 2207 are
1295 2175 1353 2207 the

77 2215 202 2287 'speciiss
220 2226 335 2288 niellus
352 2217 396 2262 by
413 2215 523 2261 which
533 2215 846 2289 fariuiqti‘irmia
861 2224 958 2257 party
973 2215 1023 2248 sor
1037 2214 1186 2254 himself,
1204 2215 1270 2248 and
1285 2215 1354 2248 this

76 2265 112 2287 m
127 2266 158 2286 w
186 2264 218 2287 at
248 2267 268 2288 o
295 2267 367 2288 ows
385 2267 412 2289 ts
428 2267 530 2289 carrie
570 2267 612 2288 ou
644 2267 687 2288 st
745 2265 794 2289 urt
823 2268 867 2289 er.

116 2297 130 2316 ⁸
147 2301 154 2313 ¹
169 2296 259 2328 That
275 2297 412 2330 Servius
428 2302 475 2334 (to
490 2307 551 2329 use
567 2308 586 2329 a
601 2297 658 2328 vul
684 2308 719 2329 ar
737 2298 880 2338 English
902 2297 1036 2338 phrase.
1055 2295 1167 2329 which
1183 2296 1287 2328 much
1301 2306 1352 2329 re-

76 2335 225 2370 eembles
241 2337 298 2369 the
316 2337 427 2374 Latin)
443 2348 513 2370 was
529 2337 649 2370 finishe
689 2348 726 2370 or
741 2338 826 2370 done
843 2337 892 2371 for
904 2338 927 2377 ;'
946 2337 1018 2370 that
1033 2337 1075 2376 ia,
1093 2347 1165 2370 was
1180 2335 1298 2370 killed.
