1523 2476
77 73 129 109 56
618 84 653 109 T.
679 84 794 110 mvn.

74 167 159 192 meo
177 157 308 193 Albani
327 156 469 192 subiere
494 158 540 191 ad
567 163 733 202 montes3
759 168 829 192 nec
855 156 1051 203 imperium
1076 156 1166 192 illud
1193 168 1331 205 meum,

74 204 140 239 sed
169 205 360 239 consilium
387 211 422 239 et
451 205 593 250 imperii
621 205 802 240 simulatio
829 204 920 250 suit,¹
946 210 985 239 ut
1011 216 1079 239 nec
1105 205 1207 240 vobis
1235 206 1333 250 igno·

75 252 239 286 rantibus
264 252 381 287 ‹le-seri
402 264 464 286 vos
490 258 715 287 averteretur
740 264 762 286 a
787 252 987 286 certamine
1013 252 1167 296 animus,
1188 262 1223 287 et
1253 253 1333 287 hos-

75 299 171 333 tibus
204 299 460 334 circumvoniri
495 311 533 333 se
567 300 613 334 ab
648 306 748 345 tergo
784 300 869 334 ratis
905 306 1015 333 terror
1048 311 1092 334 ac
1126 300 1211 344 suga
1254 299 1332 346 inji-

74 353 227 381 ceretur.
279 348 357 381 Nec
391 358 435 380 ea
469 347 584 392 culpa,
615 358 726 393 quam
755 358 875 392 arguo,
907 347 1068 381 omnium
1105 346 1334 381 Albanorum

75 400 152 428 est:
185 395 319 428 ducem
350 396 463 428 secuti
491 403 583 440 sunt,
612 402 649 428 ut
679 400 715 429 et
739 406 812 439 vos,
840 394 870 428 si
896 405 966 439 quo
994 405 1060 439 ego
1085 394 1168 428 inde
1198 405 1334 439 agmen

74 441 259 475 declinare
275 442 478 484 voluissem,
495 441 688 476 fecissetis.
739 442 895 476 Mettius
908 441 968 475 ille
980 451 1034 476 est
1053 441 1181 475 ductor
1194 441 1334 476 itineris

75 488 193 534 hujus,
214 489 367 522 Mettius
385 488 483 522 idem
502 488 609 534 hujus
629 488 856 523 machinator
874 488 972 530 belli,
993 489 1148 523 Mettius
1174 487 1333 523 foederis

74 536 225 570 Romani
257 536 463 581 Albanique
495 543 625 582 ruptor.
677 536 823 571 Audeat
851 536 984 570 deinde
1013 535 1100 570 talia
1131 535 1235 579 alius,
1262 535 1334 570 nisi

75 583 110 617 in
154 583 249 617 hunc
292 584 430 627 insigne
471 582 547 629 jam
588 584 865 618 documentum²
906 583 1120 617 mortalibus
1167 583 1331 618 dedero)

74 630 310 665 Centuriones
335 631 464 664 armati
490 631 664 666 Mettium
692 631 977 665 circumsistunt.
1027 631 1106 665 Rex
1131 636 1265 673 cetera,
1293 635 1333 664 ut

73 686 174 712 orsus
208 685 294 723 erat,
330 678 482 723 peragit.
552 677 676 716 ‘Quod
713 678 857 720 bonum,
893 678 1054 712 faustum
1088 677 1251 723 felixque
1286 676 1334 711 sit

73 725 205 771 populo
231 726 391 760 Romano
417 736 461 760 ac
488 725 577 760 mihi
606 725 793 771 vobisque,
814 725 958 769 Albani,
982 724 1158 771 populum
1183 735 1332 759 omnem

73 773 257 807 Albanum
291 774 444 808 Romam
477 773 667 807 traducere
702 774 737 807 in
770 773 891 807 animo
921 779 996 817 est,
1029 772 1216 806 civitatem
1246 771 1332 806 dare

74 819 184 866 plebi,
213 820 390 865 primores
418 820 452 854 in
480 820 606 854 Patres
633 820 777 865 legere,
804 831 915 854 unam
943 820 1085 860 urbem,
1112 831 1223 853 unam
1254 829 1332 853 rem

74 867 259 913 publicam
296 867 429 901 facere.
497 867 543 902 Ut
577 879 624 902 ex
656 879 727 902 uno
761 866 947 912 quondam
981 867 1018 900 in
1051 866 1142 900 duos
1182 865 1333 912 populos

74 913 193 949 divisa
211 914 353 948 Albana
380 915 450 948 res³
467 920 532 959 est,
553 915 604 949 sic
631 926 726 948 nunc
753 914 786 948 in
814 925 926 948 unum
953 913 1103 947 redeat.'
1155 913 1213 948 Ad
1240 912 1333 947 haec

74 961 218 996 Albana
253 961 379 1007 pubes,
408 961 560 995 inermis
592 961 638 996 ab
670 961 822 995 armatis
855 966 969 1006 septa,
997 960 1033 995 in
1067 960 1175 994 variis
1208 959 1332 994 volun-

75 1009 222 1050 tatibus,
259 1009 444 1043 communi
486 1014 607 1042 tamen
651 1014 753 1043 metu
788 1015 952 1053 cogente,
987 1007 1177 1042 silentium
1217 1013 1331 1041 tenet.·

75 1056 171 1090 Turn
198 1055 326 1090 Tullus
357 1056 487 1090 ‘Metti
516 1055 663 1100 Fufeti,⁷
693 1055 820 1101 inquit,
850 1055 900 1089 ‘si
929 1055 1007 1100 ipse
1036 1054 1176 1089 discere
1206 1065 1333 1100 posses

74 1103 187 1138 fidem
212 1115 256 1137 ac
283 1103 429 1137 foedera
455 1114 610 1147 servare,
629 1103 712 1137 vivo
739 1102 806 1136 tibi
832 1113 877 1137 ea
902 1101 1096 1148 disciplina
1113 1113 1135 1135 a
1153 1112 1213 1135 me
1231 1101 1333 1135 adhi-

76 1150 150 1184 bita
183 1158 292 1184 esset.
344 1151 450 1184 Nunc
479 1151 651 1196 quoniam
681 1156 785 1184 tuum
815 1149 1016 1184 insanabile
1046 1148 1235 1194 ingenium
1264 1154 1331 1195 est,

74 1199 125 1232 at⁴
145 1203 179 1232 tu
200 1203 260 1232 tuo
279 1197 457 1242 supplicio
483 1198 573 1231 doce
601 1197 803 1231 humanum
829 1208 946 1241 genus
963 1207 1008 1230 ea
1025 1202 1152 1231 sancta
1170 1195 1332 1241 credere,

75 1256 169 1290 quae
195 1256 217 1279 a
243 1251 277 1279 te
297 1244 429 1278 violata
455 1250 549 1279 sunt.
600 1244 648 1279 Ut
674 1245 783 1289 igitur
808 1243 915 1290 paulo
940 1249 1024 1278 ante
1050 1244 1215 1278 animum
1241 1242 1334 1277 inter

76 1291 293 1326 Fidenatem
328 1292 604 1337 Romanamque
638 1303 715 1325 rem
749 1291 948 1336 ancipitem
981 1290 1138 1335 gessisti,
1173 1290 1224 1324 ita
1255 1289 1333 1336 jam

75 1350 204 1385 corpus
237 1339 388 1384 passim⁵
419 1338 696 1373 distrahendum
731 1338 860 1372 dabis)
920 1337 1062 1372 Exinde
1095 1337 1239 1372 duabus
1270 1338 1333 1371 ad-

76 1387 184 1421 motis
203 1386 395 1432 quadrigis,
417 1386 449 1420 in
469 1398 595 1420 currus
612 1397 738 1420 earum
765 1385 968 1419 distentum
994 1384 1108 1429 illigat
1134 1384 1332 1429 Mettium3

76 1433 209 1468 deinde
243 1434 281 1468 in
306 1433 488 1467 diversum
519 1434 585 1467 iter
611 1434 694 1478 equi
721 1433 902 1477 concitati,
929 1432 1091 1466 lacerum
1117 1431 1155 1466 in
1181 1437 1332 1476 utroque

30 1501 35 1509 ·
75 1492 183 1515 curru
211 1492 350 1526 corpus,
378 1492 450 1526 qua
480 1480 711 1515 inhaeserant
740 1480 899 1514 vinculis
931 1479 1109 1524 membra,
1133 1483 1331 1525 portantes.

75 1529 252 1563 Avertere
265 1539 393 1562 omnes
409 1528 456 1562 ab
470 1533 569 1562 tanta
584 1527 755 1562 foeditate
769 1527 967 1573 spectaculi
981 1526 1116 1560 oculos.
1167 1525 1333 1560 Primum

75 1575 320 1621 ultimumque
340 1575 425 1610 illud
446 1575 665 1620 supplicium
690 1575 787 1621 apud
806 1575 987 1609 Romanos
1013 1572 1174 1619 exempli
1201 1584 1332 1618 parum

75 1623 250 1657 memoris
274 1623 394 1667 legum
424 1622 667 1657 humanarum
694 1622 773 1656 fnit.
824 1622 865 1656 In
882 1621 965 1656 aliis
981 1620 1123 1667 gloriari
1140 1620 1226 1654 licet
1243 1619 1334 1654 nulli

75 1670 241 1715 gentium
259 1670 421 1704 mitiores
439 1670 620 1716 placuisse
637 1681 784 1715 poenas.

126 1719 182 1750 29.
209 1717 305 1751 Inter
333 1717 427 1751 haec
454 1717 528 1762 jam
561 1717 755 1762 praemissi
784 1715 920 1751 Albam
954 1720 1055 1749 erant
1084 1714 1238 1759 equites,
1267 1713 1331 1759 qui

76 1763 346 1798 multitudinem
366 1763 595 1798 traducerent
613 1764 783 1798 Romam.
835 1762 1013 1806 Legiones
1037 1761 1172 1795 deinde
1197 1759 1332 1794 ductae

93 1854 127 1924 h¹
144 1856 151 1869 ⁴
164 1853 280 1923 Itdwas
296 1863 315 1883 a
330 1852 414 1883 trick
431 1852 468 1883 os
479 1853 579 1889 mine,
596 1852 660 1884 and
676 1852 691 1883 I
708 1851 834 1891 merely
845 1850 1025 1890 pretended
1037 1850 1109 1881 that
1125 1850 1141 1882 I
1156 1849 1221 1881 had
1233 1850 1333 1890 given

77 1899 90 1924 t
117 1904 134 1924 e
150 1903 186 1923 or
211 1903 255 1924 er.

116 1935 129 1952 ²
145 1936 153 1950 ⁴
166 1934 222 1963 An
238 1932 415 1970 example.’
463 1932 628 1971 Compare
644 1942 676 1970 p.
696 1935 744 1968 15,
764 1938 840 1962 note
857 1934 876 1963 2

117 1975 128 1994 ³
144 1977 152 1990 ⁴
166 1973 239 2004 The
252 1973 363 2003 Alban
376 1973 472 2003 state'
490 1974 699 2012 (respublica).
746 1972 909 2010 Compare
923 1971 1105 2011 Praefatio,
1121 1977 1198 2002 note
1214 1981 1256 2002 on
1269 1982 1330 2002 res.

116 2015 128 2033 ⁴
141 2013 199 2050 At,
218 2013 427 2051 superfluous
443 2013 533 2049 here,
551 2014 607 2043 but
619 2012 854 2052 emphatically
868 2012 1077 2051 introducing
1093 2011 1148 2042 the
1165 2010 1331 2050 apodosis.

79 2053 243 2091 Compare
261 2053 394 2091 Zumpt,
414 2053 432 2086 ᾗ
448 2055 519 2084 756.

117 2096 128 2113 ⁵
146 2097 154 2110 ‘
166 2093 326 2124 Different
344 2093 461 2132 ways‚’
481 2103 516 2123 or
535 2093 587 2123 ‘in
604 2092 756 2124 different
773 2092 973 2124 directions.y
1020 2091 1105 2122 This
1119 2091 1146 2122 is
1159 2090 1215 2122 the
1231 2090 1329 2129 origi-

77 2133 131 2164 nal
148 2133 211 2164 and
227 2144 344 2172 proper
359 2133 514 2172 meaning
531 2133 568 2163 of
587 2133 641 2163 the
659 2133 779 2164 adverb
789 2135 925 2174 passim,
946 2131 1054 2163 which
1072 2132 1099 2162 is
1115 2130 1232 2169 falsely
1248 2129 1330 2161 used

78 2173 110 2204 in
127 2173 262 2205 modern
280 2173 427 2212 Latinity
443 2172 491 2203 for
511 2173 608 2204 ‘here
626 2173 687 2204 and
704 2173 822 2209 there‚’
846 2173 896 2204 ‘in
913 2182 1006 2203 some
1029 2171 1164 2210 places.’
1209 2170 1240 2201 It
1263 2170 1328 2209 sig-

77 2213 173 2244 nifies
192 2217 199 2230 ‘
212 2214 438 2252 everywhere,
459 2214 517 2244 but
534 2214 566 2244 in
583 2213 733 2244 different
752 2213 982 2252 andropposite
1006 2211 1180 2250 quarters.’
1228 2210 1329 2241 Corn-

77 2262 154 2324 palre
171 2254 191 2285 i.
208 2257 258 2292 29,
277 2253 444 2286 Romanus
457 2255 581 2295 passim
591 2255 718 2294 publica
730 2256 925 2294 privataque
939 2253 1047 2284 omnia
1069 2257 1150 2284 tecta
1171 2253 1331 2291 adaequat

77 2304 112 2325 80
126 2305 155 2325 00
