<?xml version="1.0" encoding="UTF-8"?>
<!DOCTYPE html PUBLIC "-//W3C//DTD XHTML 1.0 Transitional//EN"
    "http://www.w3.org/TR/xhtml1/DTD/xhtml1-transitional.dtd">
<html xmlns="http://www.w3.org/1999/xhtml" xml:lang="en" lang="en">
 <head>
  <title>
</title>
<meta http-equiv="Content-Type" content="text/html;charset=utf-8" />
  <meta name='ocr-system' content='tesseract 3.04.00' />
  <meta name='ocr-capabilities' content='ocr_page ocr_carea ocr_par ocr_line ocrx_word'/>
</head>
<body>
  <div class='ocr_page' id='page_1' title='image "./historiarumlibri00livyuoft_0155.png"; bbox 0 0 1507 2492; ppageno 0'>
   <div class='ocr_carea' id='block_1_1' title="bbox 666 69 1420 106">
    <p class='ocr_par' dir='ltr' id='par_1_1' title="bbox 666 69 1420 106">
     <span class='ocr_line' id='line_1_1' title="bbox 666 69 1420 106; baseline 0.008 -6"><span class='ocrx_word' id='word_1_1' title='bbox 666 74 793 100; x_wconf 70' lang='lat' dir='ltr'>maan</span> <span class='ocrx_word' id='word_1_2' title='bbox 823 76 865 102; x_wconf 77' lang='grc' dir='ltr'>ιι.</span> <span class='ocrx_word' id='word_1_3' title='bbox 1348 69 1420 106; x_wconf 81' lang='lat'>141</span> 
     </span>
    </p>
   </div>
   <div class='ocr_carea' id='block_1_2' title="bbox 131 145 1426 1663">
    <p class='ocr_par' dir='ltr' id='par_1_2' title="bbox 138 145 1426 946">
     <span class='ocr_line' id='line_1_2' title="bbox 154 145 1426 197; baseline 0.006 -16"><span class='ocrx_word' id='word_1_4' title='bbox 154 145 203 181; x_wconf 81' lang='lat' dir='ltr'>ad</span> <span class='ocrx_word' id='word_1_5' title='bbox 227 146 415 182; x_wconf 87' lang='lat' dir='ltr'>interitum</span> <span class='ocrx_word' id='word_1_6' title='bbox 439 147 670 183; x_wconf 76' lang='lat' dir='ltr'>servitiorum</span> <span class='ocrx_word' id='word_1_7' title='bbox 696 148 820 194; x_wconf 90' lang='lat' dir='ltr'>utique</span> <span class='ocrx_word' id='word_1_8' title='bbox 846 154 883 184; x_wconf 88' lang='lat' dir='ltr'>et</span> <span class='ocrx_word' id='word_1_9' title='bbox 934 149 1027 184; x_wconf 86' lang='lat' dir='ltr'>lebis</span> <span class='ocrx_word' id='word_1_10' title='bbox 1052 156 1162 197; x_wconf 88' lang='lat' dir='ltr'>esset,</span> <span class='ocrx_word' id='word_1_11' title='bbox 1189 152 1225 186; x_wconf 90' lang='lat' dir='ltr'>ni</span> <span class='ocrx_word' id='word_1_12' title='bbox 1251 153 1426 190; x_wconf 84' lang='lat' dir='ltr'>consules</span> 
     </span>
     <span class='ocr_line' id='line_1_3' title="bbox 153 193 1420 248; baseline 0.007 -20"><span class='ocrx_word' id='word_1_13' title='bbox 153 193 408 240; x_wconf 77' lang='lat' dir='ltr'>providissent,</span> <span class='ocrx_word' id='word_1_14' title='bbox 443 193 604 230; x_wconf 85' lang='lat' dir='ltr'>dimissis</span> <span class='ocrx_word' id='word_1_15' title='bbox 645 196 781 241; x_wconf 85' lang='lat' dir='ltr'>passim</span> <span class='ocrx_word' id='word_1_16' title='bbox 817 197 862 232; x_wconf 90' lang='lat' dir='ltr'>ad</span> <span class='ocrx_word' id='word_1_17' title='bbox 914 204 1121 233; x_wconf 89' lang='lat' dir='ltr'>rumentum</span> <span class='ocrx_word' id='word_1_18' title='bbox 1165 200 1420 248; x_wconf 78' lang='lat' dir='ltr'>coemendum,</span> 
     </span>
     <span class='ocr_line' id='line_1_4' title="bbox 151 241 1420 294; baseline 0.006 -18"><span class='ocrx_word' id='word_1_19' title='bbox 151 252 223 276; x_wconf 92' lang='lat' dir='ltr'>non</span> <span class='ocrx_word' id='word_1_20' title='bbox 249 242 284 276; x_wconf 90' lang='lat' dir='ltr'>in</span> <span class='ocrx_word' id='word_1_21' title='bbox 313 242 498 276; x_wconf 83' lang='lat' dir='ltr'>Etruriam</span> <span class='ocrx_word' id='word_1_22' title='bbox 525 241 632 276; x_wconf 92' lang='lat' dir='ltr'>modo</span> <span class='ocrx_word' id='word_1_23' title='bbox 665 243 804 278; x_wconf 81' lang='lat' dir='ltr'>dextris</span> <span class='ocrx_word' id='word_1_24' title='bbox 828 244 876 280; x_wconf 88' lang='lat' dir='ltr'>ab</span> <span class='ocrx_word' id='word_1_25' title='bbox 901 245 1002 280; x_wconf 86' lang='lat' dir='ltr'>Ostia</span> <span class='ocrx_word' id='word_1_26' title='bbox 1036 245 1211 291; x_wconf 85' lang='lat' dir='ltr'>litoribus,</span> <span class='ocrx_word' id='word_1_27' title='bbox 1243 248 1420 294; x_wconf 85' lang='lat' dir='ltr'>laevoque</span> 
     </span>
     <span class='ocr_line' id='line_1_5' title="bbox 149 288 1418 339; baseline 0.006 -17"><span class='ocrx_word' id='word_1_28' title='bbox 149 299 216 334; x_wconf 87' lang='lat' dir='ltr'>per</span> <span class='ocrx_word' id='word_1_29' title='bbox 232 288 384 323; x_wconf 81' lang='lat' dir='ltr'><strong>Volscos</strong></span> <span class='ocrx_word' id='word_1_30' title='bbox 409 290 500 324; x_wconf 91' lang='lat' dir='ltr'>mari</span> <span class='ocrx_word' id='word_1_31' title='bbox 529 301 646 335; x_wconf 87' lang='lat' dir='ltr'>usque</span> <span class='ocrx_word' id='word_1_32' title='bbox 672 291 717 324; x_wconf 80' lang='lat' dir='ltr'>ad</span> <span class='ocrx_word' id='word_1_33' title='bbox 747 292 894 337; x_wconf 87' lang='lat' dir='ltr'>Cumas,</span> <span class='ocrx_word' id='word_1_34' title='bbox 924 292 988 326; x_wconf 90' lang='lat' dir='ltr'>sed</span> <span class='ocrx_word' id='word_1_35' title='bbox 1015 293 1237 339; x_wconf 82' lang='lat' dir='ltr'>quaesiturn&#39;</span> <span class='ocrx_word' id='word_1_36' title='bbox 1266 295 1300 329; x_wconf 93' lang='lat' dir='ltr'>in</span> <span class='ocrx_word' id='word_1_37' title='bbox 1330 295 1418 330; x_wconf 82' lang='lat' dir='ltr'>Sici-</span> 
     </span>
     <span class='ocr_line' id='line_1_6' title="bbox 148 335 1418 388; baseline 0.008 -19"><span class='ocrx_word' id='word_1_38' title='bbox 148 335 236 370; x_wconf 89' lang='lat' dir='ltr'>liam</span> <span class='ocrx_word' id='word_1_39' title='bbox 269 347 436 382; x_wconf 88' lang='lat' dir='ltr'>quoque:</span> <span class='ocrx_word' id='word_1_40' title='bbox 470 337 562 371; x_wconf 88' lang='lat' dir='ltr'>adeo</span> <span class='ocrx_word' id='word_1_41' title='bbox 598 337 833 374; x_wconf 75' lang='lat' dir='ltr'>finitimorum</span> <span class='ocrx_word' id='word_1_42' title='bbox 867 339 950 373; x_wconf 86' lang='lat' dir='ltr'>odia</span> <span class='ocrx_word' id='word_1_43' title='bbox 983 339 1192 386; x_wconf 83' lang='lat' dir='ltr'>longinquis</span> <span class='ocrx_word' id='word_1_44' title='bbox 1224 346 1418 388; x_wconf 72' lang='lat' dir='ltr'>coegerant</span> 
     </span>
     <span class='ocr_line' id='line_1_7' title="bbox 147 383 1413 435; baseline 0.006 -18"><span class='ocrx_word' id='word_1_45' title='bbox 147 383 310 429; x_wconf 76' lang='lat' dir='ltr'>indigere</span> <span class='ocrx_word' id='word_1_46' title='bbox 335 383 493 418; x_wconf 79' lang='lat' dir='ltr'>auxiliis.</span> <span class='ocrx_word' id='word_1_47' title='bbox 547 384 783 420; x_wconf 83' lang='lat' dir='ltr'>Frumentum</span> <span class='ocrx_word' id='word_1_48' title='bbox 804 387 930 421; x_wconf 89' lang='lat' dir='ltr'>Cumis</span> <span class='ocrx_word' id='word_1_49' title='bbox 956 398 1038 422; x_wconf 90' lang='lat' dir='ltr'>cum</span> <span class='ocrx_word' id='word_1_50' title='bbox 1067 391 1276 434; x_wconf 76' lang='lat' dir='ltr'>coemptum</span> <span class='ocrx_word' id='word_1_51' title='bbox 1305 399 1413 435; x_wconf 82' lang='lat' dir='ltr'>esset,</span> 
     </span>
     <span class='ocr_line' id='line_1_8' title="bbox 146 431 1414 483; baseline 0.007 -19"><span class='ocrx_word' id='word_1_52' title='bbox 146 441 261 465; x_wconf 89' lang='lat' dir='ltr'>naves</span> <span class='ocrx_word' id='word_1_53' title='bbox 290 442 352 477; x_wconf 89' lang='lat' dir='ltr'>pro</span> <span class='ocrx_word' id='word_1_54' title='bbox 381 431 487 466; x_wconf 90' lang='lat' dir='ltr'>bonis</span> <span class='ocrx_word' id='word_1_55' title='bbox 515 431 789 478; x_wconf 85' lang='lat' dir='ltr'>Tarquiniorum</span> <span class='ocrx_word' id='word_1_56' title='bbox 819 434 866 469; x_wconf 89' lang='lat' dir='ltr'>ab</span> <span class='ocrx_word' id='word_1_57' title='bbox 896 434 1126 469; x_wconf 83' lang='lat' dir='ltr'>Aristodemo</span> <span class='ocrx_word' id='word_1_58' title='bbox 1160 443 1322 483; x_wconf 76' lang='lat' dir='ltr'>tyranno,</span> <span class='ocrx_word' id='word_1_59' title='bbox 1351 440 1414 483; x_wconf 88' lang='lat' dir='ltr'>qui</span> 
     </span>
     <span class='ocr_line' id='line_1_9' title="bbox 146 476 1414 529; baseline 0.007 -18"><span class='ocrx_word' id='word_1_60' title='bbox 146 476 255 512; x_wconf 83' lang='lat' dir='ltr'>heres</span> <span class='ocrx_word' id='word_1_61' title='bbox 281 484 369 524; x_wconf 89' lang='lat' dir='ltr'>erat,</span> <span class='ocrx_word' id='word_1_62' title='bbox 398 485 561 513; x_wconf 86' lang='lat' dir='ltr'>retentae</span> <span class='ocrx_word' id='word_1_63' title='bbox 591 486 686 514; x_wconf 86' lang='lat' dir='ltr'>sunt.</span> <span class='ocrx_word' id='word_1_64' title='bbox 738 481 777 515; x_wconf 88' lang='lat' dir='ltr'>In</span> <span class='ocrx_word' id='word_1_65' title='bbox 802 481 944 516; x_wconf 87' lang='lat' dir='ltr'>Volscis</span> <span class='ocrx_word' id='word_1_66' title='bbox 971 482 1236 529; x_wconf 88' lang='lat' dir='ltr'>Pomptinoque</span> <span class='ocrx_word' id='word_1_67' title='bbox 1264 496 1309 519; x_wconf 90' lang='lat' dir='ltr'>ne</span> <span class='ocrx_word' id='word_1_68' title='bbox 1338 486 1414 521; x_wconf 81' lang='lat' dir='ltr'>emi</span> 
     </span>
     <span class='ocr_line' id='line_1_10' title="bbox 145 525 1410 576; baseline 0.006 -17"><span class='ocrx_word' id='word_1_69' title='bbox 145 525 294 571; x_wconf 88' lang='lat' dir='ltr'>quidem</span> <span class='ocrx_word' id='word_1_70' title='bbox 339 528 474 571; x_wconf 88' lang='lat' dir='ltr'>potuit:</span> <span class='ocrx_word' id='word_1_71' title='bbox 519 527 723 571; x_wconf 90' lang='lat' dir='ltr'>periculum</span> <span class='ocrx_word' id='word_1_72' title='bbox 761 539 906 574; x_wconf 91' lang='lat' dir='ltr'>quoque</span> <span class='ocrx_word' id='word_1_73' title='bbox 947 528 995 563; x_wconf 92' lang='lat' dir='ltr'>ab</span> <span class='ocrx_word' id='word_1_74' title='bbox 1039 531 1178 576; x_wconf 88' lang='lat' dir='ltr'>impetu</span> <span class='ocrx_word' id='word_1_75' title='bbox 1222 531 1410 568; x_wconf 89' lang='lat' dir='ltr'>hominum</span> 
     </span>
     <span class='ocr_line' id='line_1_11' title="bbox 144 572 1410 618; baseline 0.007 -12"><span class='ocrx_word' id='word_1_76' title='bbox 144 572 233 618; x_wconf 82' lang='lat' dir='ltr'>ipsis</span> <span class='ocrx_word' id='word_1_77' title='bbox 263 573 588 608; x_wconf 84' lang='lat' dir='ltr'>frumentatoribus</span> <span class='ocrx_word' id='word_1_78' title='bbox 622 574 700 609; x_wconf 84' lang='lat' dir='ltr'>suit.</span> <span class='ocrx_word' id='word_1_79' title='bbox 769 576 826 610; x_wconf 80' lang='lat' dir='ltr'>Ex</span> <span class='ocrx_word' id='word_1_80' title='bbox 859 576 991 610; x_wconf 88' lang='lat' dir='ltr'>Tuscis</span> <span class='ocrx_word' id='word_1_81' title='bbox 1023 576 1251 613; x_wconf 80' lang='lat' dir='ltr'>frumentum</span> <span class='ocrx_word' id='word_1_82' title='bbox 1285 579 1410 615; x_wconf 87' lang='lat' dir='ltr'>Tiberi</span> 
     </span>
     <span class='ocr_line' id='line_1_12' title="bbox 144 620 1410 668; baseline 0.006 -14"><span class='ocrx_word' id='word_1_83' title='bbox 144 620 264 654; x_wconf 90' lang='lat' dir='ltr'>venit:</span> <span class='ocrx_word' id='word_1_84' title='bbox 299 631 343 654; x_wconf 93' lang='lat' dir='ltr'>eo</span> <span class='ocrx_word' id='word_1_85' title='bbox 378 621 596 655; x_wconf 84' lang='lat' dir='ltr'>sustentata²</span> <span class='ocrx_word' id='word_1_86' title='bbox 627 629 682 657; x_wconf 91' lang='lat' dir='ltr'>est</span> <span class='ocrx_word' id='word_1_87' title='bbox 712 622 828 668; x_wconf 88' lang='lat' dir='ltr'>plebs.</span> <span class='ocrx_word' id='word_1_88' title='bbox 880 624 1115 658; x_wconf 84' lang='lat' dir='ltr'>Incommodo</span> <span class='ocrx_word' id='word_1_89' title='bbox 1145 625 1241 660; x_wconf 92' lang='lat' dir='ltr'>bello</span> <span class='ocrx_word' id='word_1_90' title='bbox 1271 626 1304 661; x_wconf 87' lang='lat' dir='ltr'>in</span> <span class='ocrx_word' id='word_1_91' title='bbox 1335 636 1410 663; x_wconf 89' lang='lat' dir='ltr'>tam</span> 
     </span>
     <span class='ocr_line' id='line_1_13' title="bbox 142 667 1409 718; baseline 0.006 -17"><span class='ocrx_word' id='word_1_92' title='bbox 142 667 232 702; x_wconf 88' lang='lat' dir='ltr'>artis</span> <span class='ocrx_word' id='word_1_93' title='bbox 263 668 533 703; x_wconf 86' lang='lat' dir='ltr'>commeatibus</span> <span class='ocrx_word' id='word_1_94' title='bbox 562 670 683 704; x_wconf 79' lang='lat' dir='ltr'>vexati</span> <span class='ocrx_word' id='word_1_95' title='bbox 713 670 838 715; x_wconf 85' lang='lat' dir='ltr'>forent,</span> <span class='ocrx_word' id='word_1_96' title='bbox 866 671 904 705; x_wconf 87' lang='lat' dir='ltr'>ni</span> <span class='ocrx_word' id='word_1_97' title='bbox 934 671 1085 706; x_wconf 83' lang='lat' dir='ltr'>Volscos</span> <span class='ocrx_word' id='word_1_98' title='bbox 1111 671 1185 718; x_wconf 87' lang='lat' dir='ltr'>jam</span> <span class='ocrx_word' id='word_1_99' title='bbox 1218 681 1409 710; x_wconf 87' lang='lat' dir='ltr'>moventes</span> 
     </span>
     <span class='ocr_line' id='line_1_14' title="bbox 140 715 1408 761; baseline 0.006 -13"><span class='ocrx_word' id='word_1_100' title='bbox 140 725 246 750; x_wconf 73' lang='lat' dir='ltr'>arma</span> <span class='ocrx_word' id='word_1_101' title='bbox 286 715 496 761; x_wconf 86' lang='lat' dir='ltr'>pestilentia</span> <span class='ocrx_word' id='word_1_102' title='bbox 535 715 666 761; x_wconf 83' lang='lat' dir='ltr'>ingens</span> <span class='ocrx_word' id='word_1_103' title='bbox 705 717 910 752; x_wconf 85' lang='lat' dir='ltr'>invasisset.</span> <span class='ocrx_word' id='word_1_104' title='bbox 980 719 1032 753; x_wconf 88' lang='lat' dir='ltr'>Ea</span> <span class='ocrx_word' id='word_1_105' title='bbox 1065 719 1171 754; x_wconf 86' lang='lat' dir='ltr'>clade</span> <span class='ocrx_word' id='word_1_106' title='bbox 1206 722 1408 757; x_wconf 89' lang='lat' dir='ltr'>conterritis</span> 
     </span>
     <span class='ocr_line' id='line_1_15' title="bbox 141 760 1407 814; baseline 0.006 -18"><span class='ocrx_word' id='word_1_107' title='bbox 141 760 302 797; x_wconf 87' lang='lat' dir='ltr'>hostium</span> <span class='ocrx_word' id='word_1_108' title='bbox 334 763 477 807; x_wconf 87' lang='lat' dir='ltr'>animis,</span> <span class='ocrx_word' id='word_1_109' title='bbox 505 769 544 796; x_wconf 93' lang='lat' dir='ltr'>ut</span> <span class='ocrx_word' id='word_1_110' title='bbox 574 763 686 799; x_wconf 88' lang='lat' dir='ltr'>etiam</span> <span class='ocrx_word' id='word_1_111' title='bbox 716 765 778 799; x_wconf 92' lang='lat' dir='ltr'>ubi</span> <span class='ocrx_word' id='word_1_112' title='bbox 808 776 852 798; x_wconf 89' lang='lat' dir='ltr'>ea</span> <span class='ocrx_word' id='word_1_113' title='bbox 882 766 1094 811; x_wconf 83' lang='lat' dir='ltr'>remisisset,</span> <span class='ocrx_word' id='word_1_114' title='bbox 1124 774 1257 802; x_wconf 88' lang='lat' dir='ltr'>terrore</span> <span class='ocrx_word' id='word_1_115' title='bbox 1285 768 1407 814; x_wconf 89' lang='lat' dir='ltr'>aliquo</span> 
     </span>
     <span class='ocr_line' id='line_1_16' title="bbox 140 810 1404 862; baseline 0.006 -19"><span class='ocrx_word' id='word_1_116' title='bbox 140 814 358 853; x_wconf 86' lang='lat' dir='ltr'>tenerentur,</span> <span class='ocrx_word' id='word_1_117' title='bbox 386 816 422 844; x_wconf 93' lang='lat' dir='ltr'>et</span> <span class='ocrx_word' id='word_1_118' title='bbox 448 810 595 844; x_wconf 86' lang='lat' dir='ltr'>Velitris</span> <span class='ocrx_word' id='word_1_119' title='bbox 620 822 755 846; x_wconf 80' lang='lat' dir='ltr'>auxere</span> <span class='ocrx_word' id='word_1_120' title='bbox 782 823 975 847; x_wconf 90' lang='lat' dir='ltr'>numerum</span> <span class='ocrx_word' id='word_1_121' title='bbox 1004 814 1211 849; x_wconf 87' lang='lat' dir='ltr'>colonorum</span> <span class='ocrx_word' id='word_1_122' title='bbox 1240 815 1404 862; x_wconf 89' lang='lat' dir='ltr'>Romani,</span> 
     </span>
     <span class='ocr_line' id='line_1_17' title="bbox 139 856 1405 909; baseline 0.006 -19"><span class='ocrx_word' id='word_1_123' title='bbox 139 862 176 890; x_wconf 90' lang='lat' dir='ltr'>et</span> <span class='ocrx_word' id='word_1_124' title='bbox 194 856 356 892; x_wconf 85' lang='lat' dir='ltr'>Norbae³</span> <span class='ocrx_word' id='word_1_125' title='bbox 372 857 407 892; x_wconf 89' lang='lat' dir='ltr'>in</span> <span class='ocrx_word' id='word_1_126' title='bbox 426 864 571 892; x_wconf 87' lang='lat' dir='ltr'>montes</span> <span class='ocrx_word' id='word_1_127' title='bbox 595 869 727 894; x_wconf 88' lang='lat' dir='ltr'>novam</span> <span class='ocrx_word' id='word_1_128' title='bbox 754 859 946 906; x_wconf 87' lang='lat' dir='ltr'>coloniam,</span> <span class='ocrx_word' id='word_1_129' title='bbox 966 872 1062 907; x_wconf 91' lang='lat' dir='ltr'>quae</span> <span class='ocrx_word' id='word_1_130' title='bbox 1079 873 1144 897; x_wconf 67' lang='lat' dir='ltr'>arx</span> <span class='ocrx_word' id='word_1_131' title='bbox 1161 862 1197 896; x_wconf 91' lang='lat' dir='ltr'>in</span> <span class='ocrx_word' id='word_1_132' title='bbox 1216 862 1405 909; x_wconf 85' lang='lat' dir='ltr'>Pomptino</span> 
     </span>
     <span class='ocr_line' id='line_1_18' title="bbox 138 910 455 946; baseline 0.003 -8"><span class='ocrx_word' id='word_1_133' title='bbox 138 910 246 946; x_wconf 79' lang='lat' dir='ltr'>esset,</span> <span class='ocrx_word' id='word_1_134' title='bbox 265 910 455 939; x_wconf 85' lang='lat' dir='ltr'>miserunt.</span> 
     </span>
    </p>

    <p class='ocr_par' dir='ltr' id='par_1_3' title="bbox 131 951 1405 1663">
     <span class='ocr_line' id='line_1_19' title="bbox 185 951 1405 1003; baseline 0.007 -18"><span class='ocrx_word' id='word_1_135' title='bbox 185 951 240 986; x_wconf 93' lang='lat' dir='ltr'>M.</span> <span class='ocrx_word' id='word_1_136' title='bbox 270 951 437 986; x_wconf 90' lang='lat' dir='ltr'>Minucio</span> <span class='ocrx_word' id='word_1_137' title='bbox 470 952 606 987; x_wconf 90' lang='lat' dir='ltr'>deinde</span> <span class='ocrx_word' id='word_1_138' title='bbox 640 960 675 988; x_wconf 92' lang='lat' dir='ltr'>et</span> <span class='ocrx_word' id='word_1_139' title='bbox 710 955 754 988; x_wconf 92' lang='lat' dir='ltr'>A.</span> <span class='ocrx_word' id='word_1_140' title='bbox 785 954 995 1000; x_wconf 88' lang='lat' dir='ltr'>Sempronio</span> <span class='ocrx_word' id='word_1_141' title='bbox 1029 957 1241 991; x_wconf 88' lang='lat' dir='ltr'>consulibus</span> <span class='ocrx_word' id='word_1_142' title='bbox 1271 969 1405 1003; x_wconf 77' lang='lat' dir='ltr'>magna</span> 
     </span>
     <span class='ocr_line' id='line_1_20' title="bbox 136 997 1400 1051; baseline 0.006 -18"><span class='ocrx_word' id='word_1_143' title='bbox 136 998 193 1033; x_wconf 78' lang='lat' dir='ltr'>vis</span> <span class='ocrx_word' id='word_1_144' title='bbox 225 997 397 1034; x_wconf 83' lang='lat' dir='ltr'>frumenti</span> <span class='ocrx_word' id='word_1_145' title='bbox 430 1011 476 1035; x_wconf 82' lang='lat' dir='ltr'>ex</span> <span class='ocrx_word' id='word_1_146' title='bbox 510 1000 632 1035; x_wconf 85' lang='lat' dir='ltr'>Sicilia</span> <span class='ocrx_word' id='word_1_147' title='bbox 663 1001 841 1046; x_wconf 73' lang='lat' dir='ltr'>advecta,</span> <span class='ocrx_word' id='word_1_148' title='bbox 883 1004 1138 1049; x_wconf 78' lang='lat' dir='ltr'>agitatumque</span> <span class='ocrx_word' id='word_1_149' title='bbox 1182 1005 1216 1039; x_wconf 93' lang='lat' dir='ltr'>in</span> <span class='ocrx_word' id='word_1_150' title='bbox 1259 1013 1400 1051; x_wconf 73' lang='lat' dir='ltr'>senatu,</span> 
     </span>
     <span class='ocr_line' id='line_1_21' title="bbox 135 1046 1402 1097; baseline 0.006 -17"><span class='ocrx_word' id='word_1_151' title='bbox 135 1046 263 1091; x_wconf 88' lang='lat' dir='ltr'>quanti</span> <span class='ocrx_word' id='word_1_152' title='bbox 296 1046 394 1092; x_wconf 90' lang='lat' dir='ltr'>plebi</span> <span class='ocrx_word' id='word_1_153' title='bbox 434 1046 592 1082; x_wconf 89' lang='lat' dir='ltr'>daretur.</span> <span class='ocrx_word' id='word_1_154' title='bbox 660 1048 768 1083; x_wconf 84' lang='lat' dir='ltr'>Multi</span> <span class='ocrx_word' id='word_1_155' title='bbox 805 1049 948 1084; x_wconf 88' lang='lat' dir='ltr'>venisse</span> <span class='ocrx_word' id='word_1_156' title='bbox 991 1057 1138 1096; x_wconf 89' lang='lat' dir='ltr'>tempus</span> <span class='ocrx_word' id='word_1_157' title='bbox 1179 1053 1402 1097; x_wconf 86' lang='lat' dir='ltr'>premendae</span> 
     </span>
     <span class='ocr_line' id='line_1_22' title="bbox 135 1092 1399 1142; baseline 0.006 -15"><span class='ocrx_word' id='word_1_158' title='bbox 135 1092 254 1138; x_wconf 88' lang='lat' dir='ltr'>plebis</span> <span class='ocrx_word' id='word_1_159' title='bbox 287 1095 474 1139; x_wconf 78' lang='lat' dir='ltr'>putabant⁷</span> <span class='ocrx_word' id='word_1_160' title='bbox 507 1095 819 1141; x_wconf 83' lang='lat' dir='ltr'>recuperandique</span> <span class='ocrx_word' id='word_1_161' title='bbox 851 1096 940 1142; x_wconf 84' lang='lat' dir='ltr'>jura,</span> <span class='ocrx_word' id='word_1_162' title='bbox 976 1108 1072 1142; x_wconf 77' lang='lat' dir='ltr'>quae</span> <span class='ocrx_word' id='word_1_163' title='bbox 1106 1105 1246 1133; x_wconf 77' lang='lat' dir='ltr'>extorta</span> <span class='ocrx_word' id='word_1_164' title='bbox 1280 1111 1399 1134; x_wconf 84' lang='lat' dir='ltr'>seces-</span> 
     </span>
     <span class='ocr_line' id='line_1_23' title="bbox 135 1140 1396 1193; baseline 0.006 -19"><span class='ocrx_word' id='word_1_165' title='bbox 135 1140 235 1175; x_wconf 88' lang='lat' dir='ltr'>sione</span> <span class='ocrx_word' id='word_1_166' title='bbox 260 1151 303 1175; x_wconf 90' lang='lat' dir='ltr'>ac</span> <span class='ocrx_word' id='word_1_167' title='bbox 322 1141 357 1175; x_wconf 88' lang='lat' dir='ltr'>vi</span> <span class='ocrx_word' id='word_1_168' title='bbox 384 1141 553 1176; x_wconf 89' lang='lat' dir='ltr'>Patribus</span> <span class='ocrx_word' id='word_1_169' title='bbox 579 1149 715 1176; x_wconf 87' lang='lat' dir='ltr'>essent.</span> <span class='ocrx_word' id='word_1_170' title='bbox 768 1143 807 1177; x_wconf 88' lang='lat' dir='ltr'>ln</span> <span class='ocrx_word' id='word_1_171' title='bbox 833 1144 960 1188; x_wconf 88' lang='lat' dir='ltr'>primis</span> <span class='ocrx_word' id='word_1_172' title='bbox 989 1144 1150 1179; x_wconf 84' lang='lat' dir='ltr'>Marcius</span> <span class='ocrx_word' id='word_1_173' title='bbox 1176 1146 1396 1193; x_wconf 81' lang='lat' dir='ltr'>Coriolanus,</span> 
     </span>
     <span class='ocr_line' id='line_1_24' title="bbox 135 1186 1400 1237; baseline 0.006 -16"><span class='ocrx_word' id='word_1_174' title='bbox 135 1186 248 1222; x_wconf 86' lang='lat' dir='ltr'>hostis</span> <span class='ocrx_word' id='word_1_175' title='bbox 272 1187 488 1222; x_wconf 88' lang='lat' dir='ltr'>tribuniciae</span> <span class='ocrx_word' id='word_1_176' title='bbox 515 1190 711 1234; x_wconf 86' lang='lat' dir='ltr'>potestatis,</span> <span class='ocrx_word' id='word_1_177' title='bbox 733 1190 787 1224; x_wconf 82' lang='lat' dir='ltr'>‘Si</span> <span class='ocrx_word' id='word_1_178' title='bbox 814 1192 1037 1236; x_wconf 63' lang='lat' dir='ltr'>annonam,7⁴</span> <span class='ocrx_word' id='word_1_179' title='bbox 1063 1192 1186 1237; x_wconf 89' lang='lat' dir='ltr'>inquit,</span> <span class='ocrx_word' id='word_1_180' title='bbox 1216 1194 1400 1229; x_wconf 83' lang='lat' dir='ltr'>‘veterem</span> 
     </span>
     <span class='ocr_line' id='line_1_25' title="bbox 134 1234 1401 1286; baseline 0.006 -18"><span class='ocrx_word' id='word_1_181' title='bbox 134 1234 268 1279; x_wconf 85' lang='lat' dir='ltr'>volunt,</span> <span class='ocrx_word' id='word_1_182' title='bbox 296 1234 355 1281; x_wconf 86' lang='lat' dir='ltr'>jus</span> <span class='ocrx_word' id='word_1_183' title='bbox 387 1235 580 1281; x_wconf 86' lang='lat' dir='ltr'>pristinum</span> <span class='ocrx_word' id='word_1_184' title='bbox 617 1236 769 1270; x_wconf 87' lang='lat' dir='ltr'>reddant</span> <span class='ocrx_word' id='word_1_185' title='bbox 804 1237 982 1271; x_wconf 90' lang='lat' dir='ltr'>Patribus.</span> <span class='ocrx_word' id='word_1_186' title='bbox 1034 1239 1104 1273; x_wconf 91' lang='lat' dir='ltr'>Cur</span> <span class='ocrx_word' id='word_1_187' title='bbox 1133 1250 1200 1284; x_wconf 83' lang='lat' dir='ltr'>ego</span> <span class='ocrx_word' id='word_1_188' title='bbox 1235 1240 1401 1286; x_wconf 84' lang='lat' dir='ltr'>plebeios</span> 
     </span>
     <span class='ocr_line' id='line_1_26' title="bbox 133 1282 1397 1333; baseline 0.006 -17"><span class='ocrx_word' id='word_1_189' title='bbox 133 1284 379 1327; x_wconf 85' lang='lat' dir='ltr'>magistratus,</span> <span class='ocrx_word' id='word_1_190' title='bbox 398 1294 463 1317; x_wconf 87' lang='lat' dir='ltr'>cur</span> <span class='ocrx_word' id='word_1_191' title='bbox 480 1282 654 1317; x_wconf 86' lang='lat' dir='ltr'>Sicinium</span> <span class='ocrx_word' id='word_1_192' title='bbox 674 1290 860 1328; x_wconf 89' lang='lat' dir='ltr'>potentem</span> <span class='ocrx_word' id='word_1_193' title='bbox 881 1284 998 1330; x_wconf 82' lang='lat' dir='ltr'>video,</span> <span class='ocrx_word' id='word_1_194' title='bbox 1019 1285 1086 1320; x_wconf 87' lang='lat' dir='ltr'>sub</span> <span class='ocrx_word' id='word_1_195' title='bbox 1102 1285 1229 1332; x_wconf 83' lang='lat' dir='ltr'>jugum</span> <span class='ocrx_word' id='word_1_196' title='bbox 1254 1288 1397 1333; x_wconf 85' lang='lat' dir='ltr'>missus,</span> 
     </span>
     <span class='ocr_line' id='line_1_27' title="bbox 134 1329 1399 1380; baseline 0.006 -17"><span class='ocrx_word' id='word_1_197' title='bbox 134 1334 322 1375; x_wconf 90' lang='lat' dir='ltr'>tamquam</span> <span class='ocrx_word' id='word_1_198' title='bbox 340 1329 387 1364; x_wconf 91' lang='lat' dir='ltr'>ab</span> <span class='ocrx_word' id='word_1_199' title='bbox 406 1330 605 1365; x_wconf 89' lang='lat' dir='ltr'>latronibus</span> <span class='ocrx_word' id='word_1_200' title='bbox 623 1331 862 1377; x_wconf 66' lang='lat' dir='ltr'>redemptus?</span> <span class='ocrx_word' id='word_1_201' title='bbox 914 1332 1039 1377; x_wconf 84' lang='lat' dir='ltr'>Egone</span> <span class='ocrx_word' id='word_1_202' title='bbox 1067 1332 1134 1367; x_wconf 90' lang='lat' dir='ltr'>has</span> <span class='ocrx_word' id='word_1_203' title='bbox 1160 1334 1399 1380; x_wconf 82' lang='lat' dir='ltr'>indignitates</span> 
     </span>
     <span class='ocr_line' id='line_1_28' title="bbox 132 1375 1397 1429; baseline 0.006 -18"><span class='ocrx_word' id='word_1_204' title='bbox 132 1375 271 1412; x_wconf 90' lang='lat' dir='ltr'>diutius</span> <span class='ocrx_word' id='word_1_205' title='bbox 299 1378 425 1424; x_wconf 75' lang='lat' dir='ltr'>patiar⁷</span> <span class='ocrx_word' id='word_1_206' title='bbox 453 1388 564 1423; x_wconf 90' lang='lat' dir='ltr'>quam</span> <span class='ocrx_word' id='word_1_207' title='bbox 595 1389 746 1413; x_wconf 89' lang='lat' dir='ltr'>necesse</span> <span class='ocrx_word' id='word_1_208' title='bbox 776 1379 857 1413; x_wconf 63' lang='lat' dir='ltr'>est?</span> <span class='ocrx_word' id='word_1_209' title='bbox 908 1379 1148 1426; x_wconf 90' lang='lat' dir='ltr'>Tarquinium</span> <span class='ocrx_word' id='word_1_210' title='bbox 1178 1393 1302 1427; x_wconf 86' lang='lat' dir='ltr'>regem</span> <span class='ocrx_word' id='word_1_211' title='bbox 1337 1384 1397 1429; x_wconf 88' lang='lat' dir='ltr'>qui</span> 
     </span>
     <span class='ocr_line' id='line_1_29' title="bbox 131 1424 1394 1476; baseline 0.006 -18"><span class='ocrx_word' id='word_1_212' title='bbox 131 1435 201 1459; x_wconf 91' lang='lat' dir='ltr'>non</span> <span class='ocrx_word' id='word_1_213' title='bbox 221 1424 378 1470; x_wconf 82' lang='lat' dir='ltr'>tulerim,</span> <span class='ocrx_word' id='word_1_214' title='bbox 393 1425 570 1459; x_wconf 88' lang='lat' dir='ltr'>Sicinium</span> <span class='ocrx_word' id='word_1_215' title='bbox 589 1424 732 1460; x_wconf 63' lang='lat' dir='ltr'>feram?</span> <span class='ocrx_word' id='word_1_216' title='bbox 784 1425 937 1461; x_wconf 86' lang='lat' dir='ltr'>Secedat</span> <span class='ocrx_word' id='word_1_217' title='bbox 956 1439 1063 1472; x_wconf 88' lang='lat' dir='ltr'>nunc,</span> <span class='ocrx_word' id='word_1_218' title='bbox 1079 1436 1208 1463; x_wconf 91' lang='lat' dir='ltr'>avocet</span> <span class='ocrx_word' id='word_1_219' title='bbox 1225 1430 1394 1476; x_wconf 86' lang='lat' dir='ltr'>plebem:</span> 
     </span>
     <span class='ocr_line' id='line_1_30' title="bbox 131 1472 1396 1523; baseline 0.006 -18"><span class='ocrx_word' id='word_1_220' title='bbox 131 1478 233 1516; x_wconf 90' lang='lat' dir='ltr'>patet</span> <span class='ocrx_word' id='word_1_221' title='bbox 266 1473 326 1506; x_wconf 91' lang='lat' dir='ltr'>via</span> <span class='ocrx_word' id='word_1_222' title='bbox 369 1473 405 1506; x_wconf 88' lang='lat' dir='ltr'>in</span> <span class='ocrx_word' id='word_1_223' title='bbox 446 1472 596 1507; x_wconf 88' lang='lat' dir='ltr'>Sacrum</span> <span class='ocrx_word' id='word_1_224' title='bbox 635 1480 799 1508; x_wconf 88' lang='lat' dir='ltr'>montem</span> <span class='ocrx_word' id='word_1_225' title='bbox 841 1474 1005 1519; x_wconf 88' lang='lat' dir='ltr'>aliosque</span> <span class='ocrx_word' id='word_1_226' title='bbox 1047 1475 1170 1510; x_wconf 90' lang='lat' dir='ltr'>colles.</span> <span class='ocrx_word' id='word_1_227' title='bbox 1236 1477 1396 1523; x_wconf 77' lang='lat' dir='ltr'>Rapiant</span> 
     </span>
     <span class='ocr_line' id='line_1_31' title="bbox 131 1518 1396 1566; baseline 0.006 -13"><span class='ocrx_word' id='word_1_228' title='bbox 131 1518 317 1554; x_wconf 89' lang='lat' dir='ltr'>frumenta</span> <span class='ocrx_word' id='word_1_229' title='bbox 365 1530 411 1554; x_wconf 83' lang='lat' dir='ltr'>ex</span> <span class='ocrx_word' id='word_1_230' title='bbox 459 1520 556 1564; x_wconf 80' lang='lat' dir='ltr'>agris</span> <span class='ocrx_word' id='word_1_231' title='bbox 604 1521 743 1562; x_wconf 79' lang='lat' dir='ltr'>nostris,</span> <span class='ocrx_word' id='word_1_232' title='bbox 787 1521 1100 1566; x_wconf 87' lang='lat' dir='ltr'>quemadmodum</span> <span class='ocrx_word' id='word_1_233' title='bbox 1151 1524 1256 1558; x_wconf 90' lang='lat' dir='ltr'>tertio</span> <span class='ocrx_word' id='word_1_234' title='bbox 1302 1536 1396 1560; x_wconf 90' lang='lat' dir='ltr'>anno</span> 
     </span>
     <span class='ocr_line' id='line_1_32' title="bbox 131 1566 1396 1613; baseline 0.005 -13"><span class='ocrx_word' id='word_1_235' title='bbox 131 1577 297 1612; x_wconf 88' lang='lat' dir='ltr'>rapuere.</span> <span class='ocrx_word' id='word_1_236' title='bbox 349 1566 542 1601; x_wconf 73' lang='lat' dir='ltr'>Fruantu1⁵</span> <span class='ocrx_word' id='word_1_237' title='bbox 558 1578 709 1612; x_wconf 90' lang='lat' dir='ltr'>annona,</span> <span class='ocrx_word' id='word_1_238' title='bbox 730 1579 840 1613; x_wconf 90' lang='lat' dir='ltr'>quarn</span> <span class='ocrx_word' id='word_1_239' title='bbox 859 1568 978 1602; x_wconf 87' lang='lat' dir='ltr'>furore</span> <span class='ocrx_word' id='word_1_240' title='bbox 996 1580 1061 1603; x_wconf 89' lang='lat' dir='ltr'>suo</span> <span class='ocrx_word' id='word_1_241' title='bbox 1079 1569 1214 1604; x_wconf 85' lang='lat' dir='ltr'>fecere.</span> <span class='ocrx_word' id='word_1_242' title='bbox 1265 1572 1396 1606; x_wconf 89' lang='lat' dir='ltr'>Audeo</span> 
     </span>
     <span class='ocr_line' id='line_1_33' title="bbox 131 1613 1395 1663; baseline 0.004 -15"><span class='ocrx_word' id='word_1_243' title='bbox 131 1613 270 1649; x_wconf 81' lang='lat' dir='ltr'>dicere⁶</span> <span class='ocrx_word' id='word_1_244' title='bbox 301 1614 370 1649; x_wconf 90' lang='lat' dir='ltr'>hoc</span> <span class='ocrx_word' id='word_1_245' title='bbox 404 1614 500 1649; x_wconf 84' lang='lat' dir='ltr'>malo</span> <span class='ocrx_word' id='word_1_246' title='bbox 534 1614 690 1649; x_wconf 87' lang='lat' dir='ltr'>domitos</span> <span class='ocrx_word' id='word_1_247' title='bbox 731 1615 829 1661; x_wconf 84' lang='lat' dir='ltr'>ipsos</span> <span class='ocrx_word' id='word_1_248' title='bbox 867 1616 988 1661; x_wconf 89' lang='lat' dir='ltr'>potius</span> <span class='ocrx_word' id='word_1_249' title='bbox 1028 1616 1187 1652; x_wconf 87' lang='lat' dir='ltr'>cultores</span> <span class='ocrx_word' id='word_1_250' title='bbox 1227 1629 1395 1663; x_wconf 83' lang='lat' dir='ltr'>agrorum</span> 
     </span>
    </p>
   </div>
   <div class='ocr_carea' id='block_1_3' title="bbox 1267 1685 1391 1693">
    <p class='ocr_par' dir='ltr' id='par_1_4' title="bbox 1267 1685 1391 1693">
     <span class='ocr_line' id='line_1_34' title="bbox 1267 1685 1391 1693; baseline 0 0"><span class='ocrx_word' id='word_1_251' title='bbox 1267 1685 1391 1693; x_wconf 95' lang='lat' dir='ltr'> </span> 
     </span>
    </p>
   </div>
   <div class='ocr_carea' id='block_1_4' title="bbox 332 1676 1002 1693">
    <p class='ocr_par' dir='ltr' id='par_1_5' title="bbox 332 1676 1002 1693">
     <span class='ocr_line' id='line_1_35' title="bbox 332 1676 1002 1693; baseline 0 0"><span class='ocrx_word' id='word_1_252' title='bbox 332 1676 1002 1693; x_wconf 95' lang='lat' dir='ltr'> </span> 
     </span>
    </p>
   </div>
   <div class='ocr_carea' id='block_1_5' title="bbox 129 1716 1395 2286">
    <p class='ocr_par' dir='ltr' id='par_1_6' title="bbox 172 1716 676 1755">
     <span class='ocr_line' id='line_1_36' title="bbox 172 1716 676 1755; baseline 0 -8"><span class='ocrx_word' id='word_1_253' title='bbox 172 1717 182 1736; x_wconf 88' lang='lat'><strong>¹</strong></span> <span class='ocrx_word' id='word_1_254' title='bbox 199 1720 207 1733; x_wconf 89' lang='lat'>‘</span> <span class='ocrx_word' id='word_1_255' title='bbox 221 1716 274 1747; x_wconf 93' lang='lat' dir='ltr'>To</span> <span class='ocrx_word' id='word_1_256' title='bbox 290 1716 372 1748; x_wconf 90' lang='lat' dir='ltr'>seek</span> <span class='ocrx_word' id='word_1_257' title='bbox 387 1716 544 1755; x_wconf 79' lang='lat' dir='ltr'>(namely‚</span> <span class='ocrx_word' id='word_1_258' title='bbox 563 1717 676 1752; x_wconf 86' lang='lat' dir='ltr'>corn).&#39;</span> 
     </span>
    </p>

    <p class='ocr_par' dir='ltr' id='par_1_7' title="bbox 130 1756 1390 1842">
     <span class='ocr_line' id='line_1_37' title="bbox 151 1756 1390 1798; baseline 0.005 -11"><span class='ocrx_word' id='word_1_259' title='bbox 151 1762 158 1769; x_wconf 84' lang='lat'>·</span> <span class='ocrx_word' id='word_1_260' title='bbox 170 1758 183 1776; x_wconf 78' lang='lat'>²</span> <span class='ocrx_word' id='word_1_261' title='bbox 196 1756 297 1788; x_wconf 89' lang='lat' dir='ltr'>Some</span> <span class='ocrx_word' id='word_1_262' title='bbox 324 1757 409 1796; x_wconf 85' lang='lat' dir='ltr'>good</span> <span class='ocrx_word' id='word_1_263' title='bbox 437 1757 657 1795; x_wconf 86' lang='lat' dir='ltr'>manuscripts</span> <span class='ocrx_word' id='word_1_264' title='bbox 687 1756 762 1788; x_wconf 89' lang='lat' dir='ltr'>read</span> <span class='ocrx_word' id='word_1_265' title='bbox 792 1763 953 1795; x_wconf 75' lang='lat' dir='ltr'>sustenta,</span> <span class='ocrx_word' id='word_1_266' title='bbox 986 1758 1096 1790; x_wconf 85' lang='lat' dir='ltr'>which</span> <span class='ocrx_word' id='word_1_267' title='bbox 1126 1759 1154 1791; x_wconf 81' lang='lat' dir='ltr'>is</span> <span class='ocrx_word' id='word_1_268' title='bbox 1184 1762 1390 1798; x_wconf 83' lang='lat' dir='ltr'>sometimes,</span> 
     </span>
     <span class='ocr_line' id='line_1_38' title="bbox 130 1796 1390 1842; baseline 0.004 -13"><span class='ocrx_word' id='word_1_269' title='bbox 130 1797 211 1829; x_wconf 90' lang='lat' dir='ltr'>thou</span> <span class='ocrx_word' id='word_1_270' title='bbox 237 1797 258 1828; x_wconf 92' lang='lat' dir='ltr'>h</span> <span class='ocrx_word' id='word_1_271' title='bbox 274 1807 365 1829; x_wconf 90' lang='lat' dir='ltr'>more</span> <span class='ocrx_word' id='word_1_272' title='bbox 383 1797 489 1836; x_wconf 84' lang='lat' dir='ltr'>rarely</span> <span class='ocrx_word' id='word_1_273' title='bbox 501 1797 580 1828; x_wconf 83' lang='lat' dir='ltr'>than</span> <span class='ocrx_word' id='word_1_274' title='bbox 592 1797 646 1828; x_wconf 90' lang='lat' dir='ltr'>the</span> <span class='ocrx_word' id='word_1_275' title='bbox 663 1796 916 1836; x_wconf 83' lang='lat' dir='ltr'>frequentative,</span> <span class='ocrx_word' id='word_1_276' title='bbox 933 1798 1014 1830; x_wconf 92' lang='lat' dir='ltr'>used</span> <span class='ocrx_word' id='word_1_277' title='bbox 1029 1798 1077 1830; x_wconf 84' lang='lat' dir='ltr'>sor</span> <span class='ocrx_word' id='word_1_278' title='bbox 1093 1803 1101 1816; x_wconf 88' lang='lat'>‘</span> <span class='ocrx_word' id='word_1_279' title='bbox 1115 1801 1302 1842; x_wconf 88' lang='lat' dir='ltr'>sustaining</span> <span class='ocrx_word' id='word_1_280' title='bbox 1313 1802 1390 1834; x_wconf 89' lang='lat' dir='ltr'>lise.&#39;</span> 
     </span>
    </p>

    <p class='ocr_par' dir='ltr' id='par_1_8' title="bbox 131 1837 1392 1997">
     <span class='ocr_line' id='line_1_39' title="bbox 169 1837 1392 1876; baseline 0.005 -8"><span class='ocrx_word' id='word_1_281' title='bbox 169 1839 182 1857; x_wconf 75' lang='lat'>⁸</span> <span class='ocrx_word' id='word_1_282' title='bbox 233 1848 287 1869; x_wconf 89' lang='lat' dir='ltr'>ow</span> <span class='ocrx_word' id='word_1_283' title='bbox 305 1837 447 1874; x_wconf 87' lang='lat' dir='ltr'>Norma,</span> <span class='ocrx_word' id='word_1_284' title='bbox 467 1837 499 1868; x_wconf 90' lang='lat' dir='ltr'>in</span> <span class='ocrx_word' id='word_1_285' title='bbox 516 1837 571 1868; x_wconf 90' lang='lat' dir='ltr'>the</span> <span class='ocrx_word' id='word_1_286' title='bbox 588 1837 747 1868; x_wconf 90' lang='lat' dir='ltr'>southern</span> <span class='ocrx_word' id='word_1_287' title='bbox 763 1846 833 1876; x_wconf 86' lang='lat' dir='ltr'>part</span> <span class='ocrx_word' id='word_1_288' title='bbox 851 1838 889 1869; x_wconf 87' lang='lat' dir='ltr'>of</span> <span class='ocrx_word' id='word_1_289' title='bbox 906 1838 961 1870; x_wconf 93' lang='lat' dir='ltr'>the</span> <span class='ocrx_word' id='word_1_290' title='bbox 986 1839 1100 1871; x_wconf 88' lang='lat' dir='ltr'>States</span> <span class='ocrx_word' id='word_1_291' title='bbox 1115 1839 1152 1871; x_wconf 87' lang='lat' dir='ltr'>of</span> <span class='ocrx_word' id='word_1_292' title='bbox 1171 1841 1225 1872; x_wconf 89' lang='lat' dir='ltr'>the</span> <span class='ocrx_word' id='word_1_293' title='bbox 1245 1841 1392 1874; x_wconf 87' lang='lat' dir='ltr'>Church.</span> 
     </span>
     <span class='ocr_line' id='line_1_40' title="bbox 131 1877 1392 1916; baseline 0.003 -6"><span class='ocrx_word' id='word_1_294' title='bbox 131 1877 217 1910; x_wconf 83' lang='lat' dir='ltr'>This</span> <span class='ocrx_word' id='word_1_295' title='bbox 240 1878 268 1910; x_wconf 88' lang='lat' dir='ltr'>is</span> <span class='ocrx_word' id='word_1_296' title='bbox 291 1888 366 1909; x_wconf 85' lang='lat' dir='ltr'>now</span> <span class='ocrx_word' id='word_1_297' title='bbox 384 1878 439 1909; x_wconf 90' lang='lat' dir='ltr'>the</span> <span class='ocrx_word' id='word_1_298' title='bbox 461 1877 571 1909; x_wconf 81' lang='lat' dir='ltr'>fourth</span> <span class='ocrx_word' id='word_1_299' title='bbox 593 1878 712 1916; x_wconf 90' lang='lat' dir='ltr'>colony</span> <span class='ocrx_word' id='word_1_300' title='bbox 729 1878 837 1909; x_wconf 84' lang='lat' dir='ltr'>which</span> <span class='ocrx_word' id='word_1_301' title='bbox 855 1889 905 1910; x_wconf 79' lang='lat' dir='ltr'>we</span> <span class='ocrx_word' id='word_1_302' title='bbox 929 1879 1013 1910; x_wconf 89' lang='lat' dir='ltr'>have</span> <span class='ocrx_word' id='word_1_303' title='bbox 1037 1890 1116 1911; x_wconf 87' lang='lat' dir='ltr'>seen</span> <span class='ocrx_word' id='word_1_304' title='bbox 1138 1882 1257 1914; x_wconf 89' lang='lat' dir='ltr'>settled</span> <span class='ocrx_word' id='word_1_305' title='bbox 1282 1882 1314 1914; x_wconf 89' lang='lat' dir='ltr'>in</span> <span class='ocrx_word' id='word_1_306' title='bbox 1337 1883 1392 1914; x_wconf 88' lang='lat' dir='ltr'>the</span> 
     </span>
     <span class='ocr_line' id='line_1_41' title="bbox 131 1917 1391 1962; baseline 0.004 -12"><span class='ocrx_word' id='word_1_307' title='bbox 131 1918 308 1957; x_wconf 89' lang='lat' dir='ltr'>Pomptine</span> <span class='ocrx_word' id='word_1_308' title='bbox 338 1918 479 1955; x_wconf 90' lang='lat' dir='ltr'>district,</span> <span class='ocrx_word' id='word_1_309' title='bbox 508 1917 640 1951; x_wconf 85' lang='lat' dir='ltr'>Circeii.</span> <span class='ocrx_word' id='word_1_310' title='bbox 668 1917 766 1962; x_wconf 70' lang='lat' dir='ltr'>Cora,</span> <span class='ocrx_word' id='word_1_311' title='bbox 792 1919 853 1950; x_wconf 88' lang='lat' dir='ltr'>and</span> <span class='ocrx_word' id='word_1_312' title='bbox 886 1919 1000 1959; x_wconf 86' lang='lat' dir='ltr'>Signia</span> <span class='ocrx_word' id='word_1_313' title='bbox 1024 1920 1145 1961; x_wconf 78' lang='lat' dir='ltr'>having</span> <span class='ocrx_word' id='word_1_314' title='bbox 1171 1922 1333 1961; x_wconf 87' lang='lat' dir='ltr'>&#39;preceded</span> <span class='ocrx_word' id='word_1_315' title='bbox 1356 1924 1391 1954; x_wconf 85' lang='lat' dir='ltr'>it.</span> 
     </span>
     <span class='ocr_line' id='line_1_42' title="bbox 131 1958 1056 1997; baseline 0.001 -7"><span class='ocrx_word' id='word_1_316' title='bbox 131 1958 196 1990; x_wconf 87' lang='lat' dir='ltr'>See</span> <span class='ocrx_word' id='word_1_317' title='bbox 212 1959 232 1990; x_wconf 88' lang='lat' dir='ltr'>i.</span> <span class='ocrx_word' id='word_1_318' title='bbox 249 1961 301 1995; x_wconf 87' lang='lat'>56,</span> <span class='ocrx_word' id='word_1_319' title='bbox 320 1969 351 1997; x_wconf 88' lang='lat' dir='ltr'>p.</span> <span class='ocrx_word' id='word_1_320' title='bbox 369 1961 420 1995; x_wconf 84' lang='lat'>92,</span> <span class='ocrx_word' id='word_1_321' title='bbox 439 1966 516 1989; x_wconf 90' lang='lat' dir='ltr'>note</span> <span class='ocrx_word' id='word_1_322' title='bbox 533 1961 572 1995; x_wconf 84' lang='lat'>7;</span> <span class='ocrx_word' id='word_1_323' title='bbox 599 1958 661 1989; x_wconf 87' lang='lat' dir='ltr'>and</span> <span class='ocrx_word' id='word_1_324' title='bbox 678 1969 708 1989; x_wconf 68' lang='lat' dir='ltr'>n,</span> <span class='ocrx_word' id='word_1_325' title='bbox 729 1961 777 1993; x_wconf 84' lang='lat'>16,</span> <span class='ocrx_word' id='word_1_326' title='bbox 796 1969 826 1997; x_wconf 90' lang='lat' dir='ltr'>p.</span> <span class='ocrx_word' id='word_1_327' title='bbox 846 1962 914 1995; x_wconf 86' lang='lat'>119,</span> <span class='ocrx_word' id='word_1_328' title='bbox 933 1968 1010 1991; x_wconf 89' lang='lat' dir='ltr'>note</span> <span class='ocrx_word' id='word_1_329' title='bbox 1026 1963 1056 1992; x_wconf 85' lang='lat'>4.</span> 
     </span>
    </p>

    <p class='ocr_par' dir='ltr' id='par_1_9' title="bbox 170 1998 971 2037">
     <span class='ocr_line' id='line_1_43' title="bbox 170 1998 971 2037; baseline 0.001 -8"><span class='ocrx_word' id='word_1_330' title='bbox 170 2001 182 2018; x_wconf 87' lang='lat'>⁴</span> <span class='ocrx_word' id='word_1_331' title='bbox 196 2000 248 2030; x_wconf 85' lang='lat' dir='ltr'>As</span> <span class='ocrx_word' id='word_1_332' title='bbox 264 2007 298 2030; x_wconf 90' lang='lat' dir='ltr'>to</span> <span class='ocrx_word' id='word_1_333' title='bbox 315 1998 381 2030; x_wconf 87' lang='lat' dir='ltr'>this</span> <span class='ocrx_word' id='word_1_334' title='bbox 399 1998 500 2034; x_wconf 91' lang='lat' dir='ltr'>word,</span> <span class='ocrx_word' id='word_1_335' title='bbox 519 2008 575 2029; x_wconf 85' lang='lat' dir='ltr'>see</span> <span class='ocrx_word' id='word_1_336' title='bbox 593 1999 623 2029; x_wconf 93' lang='lat' dir='ltr'>ii.</span> <span class='ocrx_word' id='word_1_337' title='bbox 642 2001 692 2034; x_wconf 74' lang='lat'>27,</span> <span class='ocrx_word' id='word_1_338' title='bbox 712 2009 742 2037; x_wconf 87' lang='lat' dir='ltr'>p.</span> <span class='ocrx_word' id='word_1_339' title='bbox 762 2002 830 2030; x_wconf 89' lang='lat'>131.</span> <span class='ocrx_word' id='word_1_340' title='bbox 850 2007 926 2030; x_wconf 91' lang='lat' dir='ltr'>note</span> <span class='ocrx_word' id='word_1_341' title='bbox 942 2003 971 2030; x_wconf 80' lang='lat'>2.</span> 
     </span>
    </p>

    <p class='ocr_par' dir='ltr' id='par_1_10' title="bbox 129 2038 1395 2286">
     <span class='ocr_line' id='line_1_44' title="bbox 169 2038 1391 2079; baseline 0.004 -9"><span class='ocrx_word' id='word_1_342' title='bbox 169 2038 350 2070; x_wconf 70' lang='lat' dir='ltr'>‘Insome</span> <span class='ocrx_word' id='word_1_343' title='bbox 373 2038 458 2078; x_wconf 86' lang='lat' dir='ltr'>good</span> <span class='ocrx_word' id='word_1_344' title='bbox 483 2038 703 2077; x_wconf 87' lang='lat' dir='ltr'>manuscripts</span> <span class='ocrx_word' id='word_1_345' title='bbox 720 2049 770 2069; x_wconf 93' lang='lat' dir='ltr'>we</span> <span class='ocrx_word' id='word_1_346' title='bbox 792 2038 859 2070; x_wconf 85' lang='lat' dir='ltr'>find</span> <span class='ocrx_word' id='word_1_347' title='bbox 871 2041 1040 2079; x_wconf 81' lang='lat' dir='ltr'>fruantur</span> <span class='ocrx_word' id='word_1_348' title='bbox 1062 2048 1210 2073; x_wconf 79' lang='lat' dir='ltr'>utantur.</span> <span class='ocrx_word' id='word_1_349' title='bbox 1258 2043 1332 2074; x_wconf 88' lang='lat' dir='ltr'>One</span> <span class='ocrx_word' id='word_1_350' title='bbox 1353 2044 1391 2076; x_wconf 87' lang='lat' dir='ltr'>of</span> 
     </span>
     <span class='ocr_line' id='line_1_45' title="bbox 130 2078 1394 2124; baseline 0.004 -14"><span class='ocrx_word' id='word_1_351' title='bbox 130 2078 188 2110; x_wconf 88' lang='lat' dir='ltr'>the</span> <span class='ocrx_word' id='word_1_352' title='bbox 205 2078 315 2110; x_wconf 89' lang='lat' dir='ltr'>words</span> <span class='ocrx_word' id='word_1_353' title='bbox 338 2079 366 2110; x_wconf 90' lang='lat' dir='ltr'>is</span> <span class='ocrx_word' id='word_1_354' title='bbox 389 2078 551 2118; x_wconf 85' lang='lat' dir='ltr'>certainly</span> <span class='ocrx_word' id='word_1_355' title='bbox 567 2089 586 2109; x_wconf 88' lang='lat' dir='ltr'>a</span> <span class='ocrx_word' id='word_1_356' title='bbox 607 2078 712 2118; x_wconf 83' lang='lat' dir='ltr'>gloss,</span> <span class='ocrx_word' id='word_1_357' title='bbox 731 2079 970 2119; x_wconf 78' lang='lat' dir='ltr'>andsruantur</span> <span class='ocrx_word' id='word_1_358' title='bbox 986 2082 1028 2121; x_wconf 91' lang='lat' dir='ltr'>by</span> <span class='ocrx_word' id='word_1_359' title='bbox 1045 2082 1139 2113; x_wconf 86' lang='lat' dir='ltr'>itsels</span> <span class='ocrx_word' id='word_1_360' title='bbox 1155 2083 1248 2123; x_wconf 84' lang='lat' dir='ltr'>gives</span> <span class='ocrx_word' id='word_1_361' title='bbox 1271 2094 1291 2114; x_wconf 88' lang='lat' dir='ltr'>a</span> <span class='ocrx_word' id='word_1_362' title='bbox 1312 2094 1394 2124; x_wconf 87' lang='lat' dir='ltr'>very</span> 
     </span>
     <span class='ocr_line' id='line_1_46' title="bbox 129 2119 1392 2208; baseline 0.004 -18"><span class='ocrx_word' id='word_1_363' title='bbox 129 2119 391 2190; x_wconf 46' lang='lat' dir='ltr'>gossqlsevgffihre</span> <span class='ocrx_word' id='word_1_364' title='bbox 409 2165 442 2189; x_wconf 90' lang='lat' dir='ltr'>to</span> <span class='ocrx_word' id='word_1_365' title='bbox 458 2169 518 2198; x_wconf 86' lang='lat' dir='ltr'>say</span> <span class='ocrx_word' id='word_1_366' title='bbox 534 2158 616 2194; x_wconf 87' lang='lat' dir='ltr'>that,</span> <span class='ocrx_word' id='word_1_367' title='bbox 635 2158 786 2190; x_wconf 88' lang='lat' dir='ltr'>subdued</span> <span class='ocrx_word' id='word_1_368' title='bbox 803 2159 877 2195; x_wconf 88' lang='lat' dir='ltr'>(and</span> <span class='ocrx_word' id='word_1_369' title='bbox 894 2161 1037 2206; x_wconf 77' lang='lat' dir='ltr'>brought</span> <span class='ocrx_word' id='word_1_370' title='bbox 1055 2168 1089 2192; x_wconf 91' lang='lat' dir='ltr'>to</span> <span class='ocrx_word' id='word_1_371' title='bbox 1105 2161 1190 2206; x_wconf 83' lang='lat' dir='ltr'>their</span> <span class='ocrx_word' id='word_1_372' title='bbox 1202 2171 1331 2208; x_wconf 83' lang='lat' dir='ltr'>senses)</span> <span class='ocrx_word' id='word_1_373' title='bbox 1348 2165 1392 2204; x_wconf 86' lang='lat' dir='ltr'>by</span> 
     </span>
     <span class='ocr_line' id='line_1_47' title="bbox 129 2199 1391 2240; baseline 0.005 -10"><span class='ocrx_word' id='word_1_374' title='bbox 129 2199 198 2230; x_wconf 79' lang='lat' dir='ltr'>this</span> <span class='ocrx_word' id='word_1_375' title='bbox 213 2199 384 2238; x_wconf 82' lang='lat' dir='ltr'>calamity,</span> <span class='ocrx_word' id='word_1_376' title='bbox 403 2199 483 2238; x_wconf 85' lang='lat' dir='ltr'>they</span> <span class='ocrx_word' id='word_1_377' title='bbox 500 2199 570 2230; x_wconf 92' lang='lat' dir='ltr'>will</span> <span class='ocrx_word' id='word_1_378' title='bbox 585 2199 696 2230; x_wconf 86' lang='lat' dir='ltr'>rather</span> <span class='ocrx_word' id='word_1_379' title='bbox 712 2199 916 2232; x_wconf 86' lang='lat' dir='ltr'>themselves</span> <span class='ocrx_word' id='word_1_380' title='bbox 934 2202 974 2232; x_wconf 91' lang='lat' dir='ltr'>be</span> <span class='ocrx_word' id='word_1_381' title='bbox 992 2201 1196 2233; x_wconf 81' lang='lat' dir='ltr'>industrious</span> <span class='ocrx_word' id='word_1_382' title='bbox 1212 2204 1391 2240; x_wconf 81' lang='lat' dir='ltr'>agricultu-</span> 
     </span>
     <span class='ocr_line' id='line_1_48' title="bbox 129 2239 1395 2286; baseline 0.004 -15"><span class='ocrx_word' id='word_1_383' title='bbox 129 2239 221 2275; x_wconf 65' lang='grc' dir='ltr'>τίετε,</span> <span class='ocrx_word' id='word_1_384' title='bbox 239 2239 333 2278; x_wconf 79' lang='lat' dir='ltr'>than,</span> <span class='ocrx_word' id='word_1_385' title='bbox 351 2241 397 2280; x_wconf 87' lang='lat' dir='ltr'>by</span> <span class='ocrx_word' id='word_1_386' title='bbox 420 2250 439 2271; x_wconf 85' lang='lat' dir='ltr'>a</span> <span class='ocrx_word' id='word_1_387' title='bbox 458 2239 630 2271; x_wconf 87' lang='lat' dir='ltr'>secession</span> <span class='ocrx_word' id='word_1_388' title='bbox 650 2239 684 2271; x_wconf 90' lang='lat' dir='ltr'>in</span> <span class='ocrx_word' id='word_1_389' title='bbox 707 2250 807 2278; x_wconf 87' lang='lat' dir='ltr'>arms,</span> <span class='ocrx_word' id='word_1_390' title='bbox 833 2248 970 2281; x_wconf 90' lang='lat' dir='ltr'>prevent</span> <span class='ocrx_word' id='word_1_391' title='bbox 994 2241 1050 2274; x_wconf 89' lang='lat' dir='ltr'>the</span> <span class='ocrx_word' id='word_1_392' title='bbox 1074 2241 1169 2274; x_wconf 85' lang='lat' dir='ltr'>fields</span> <span class='ocrx_word' id='word_1_393' title='bbox 1191 2242 1276 2275; x_wconf 84' lang='lat' dir='ltr'>from</span> <span class='ocrx_word' id='word_1_394' title='bbox 1294 2244 1395 2286; x_wconf 84' lang='lat' dir='ltr'>being</span> 
     </span>
    </p>
   </div>
   <div class='ocr_carea' id='block_1_6' title="bbox 131 2278 250 2311">
    <p class='ocr_par' dir='ltr' id='par_1_11' title="bbox 131 2278 250 2311">
     <span class='ocr_line' id='line_1_49' title="bbox 131 2278 250 2311; baseline 0.008 -1"><span class='ocrx_word' id='word_1_395' title='bbox 131 2278 250 2311; x_wconf 65' lang='lat' dir='ltr'>filled!</span> 
     </span>
    </p>
   </div>
  </div>
 </body>
</html>
