1523 2524
670 113 798 139 LtBER
826 115 911 140 xxi.
1342 109 1421 144 259

158 189 323 230 coeptus,
345 184 393 220 ad
418 183 578 220 alienam
603 197 713 233 opem
738 187 893 233 quisque
920 189 1024 235 inops
1049 189 1210 226 tendere.
1264 190 1421 228 Biduum

158 241 203 265 eo
215 230 295 266 loco
308 231 408 267 velut
420 231 561 268 obsessi
576 245 756 269 mansere.
799 235 910 270 Multi
924 235 1100 281 homines,
1115 237 1232 272 multa
1243 238 1419 286 jumenta,

157 277 344 324 elephanti
361 290 506 326 quoque
525 292 571 315 ex
590 281 657 326 his,
677 283 740 328 qui
758 282 893 328 proelio
911 283 958 318 ad
984 284 1155 321 Trebiam
1175 285 1271 321 sacto
1297 298 1420 334 super·

156 324 312 371 fuerant,
332 334 473 374 septem
492 327 689 374 absumpti.

203 376 262 408 59.
289 374 483 419 Digressus
509 377 711 421 Apennino'
733 383 823 412 retro
841 378 888 412 ad
907 378 1134 415 Placentiam
1152 387 1271 416 castra
1293 383 1417 428 movit,

156 424 194 454 et
222 420 268 456 ad
297 421 430 457 decem
459 423 560 457 milia
588 435 801 470 progressus
828 426 1002 461 consedit.
1055 427 1203 462 Postero
1235 429 1296 463 die
1331 429 1418 464 duo-

154 465 276 503 decim
310 469 413 504 milia
446 469 622 516 peditum,
658 472 820 518 quinque
858 474 1022 519 equitum
1060 474 1238 510 adversus
1274 477 1419 513 hostem

153 513 265 550 ducit.
333 517 414 551 Nec
458 517 691 564 Sempronius
732 520 856 555 consul
904 520 995 567 (jam
1040 523 1137 557 enim
1176 523 1333 559 redierat
1370 525 1418 560 ab

152 561 285 610 Roma)
313 563 530 600 detrectavit
560 573 767 611 certamen,
804 575 915 615 atque
950 580 993 603 eo
1023 569 1083 604 die
1114 570 1181 605 tria
1210 571 1313 606 milia
1337 583 1417 618 pas-

152 620 258 647 suum
304 611 401 646 inter
445 612 532 647 bina
572 620 690 648 castra
733 615 847 650 suere.
914 616 1065 651 Postero
1106 617 1165 652 die
1207 619 1416 664 ingentibus

150 657 296 703 animis,
324 659 423 694 vario
452 667 587 695 eventu
617 669 819 707 pugnatum
849 669 916 698 est.
968 664 1087 700 Primo
1117 677 1294 701 concursu
1324 668 1415 701 adeo

151 715 212 738 res
235 705 400 741 Romana
425 709 588 753 superior
614 710 692 754 fuit,
717 717 756 744 ut
782 722 852 745 non
878 711 960 745 acie
987 713 1177 747 vincerent
1203 713 1331 759 solum,
1351 715 1414 749 sed

150 751 275 797 pulsos
303 753 429 789 hostes
455 755 489 789 in
517 762 638 790 castra
667 765 982 803 persequerentur,
1011 771 1095 794 mox
1126 767 1244 795 castra
1271 773 1416 807 quoque

149 808 411 846 oppugnarent.
478 802 670 850 Hannibal,
710 806 836 850 paucis
873 806 1197 852 propugnatoribus
1239 809 1276 843 in
1319 809 1416 844 vallo

148 847 332 894 portisque
357 849 495 895 positis,
523 857 666 886 ceteros
698 851 880 887 consertos
907 854 943 888 in
975 854 1096 888 media
1121 862 1239 890 castra
1266 857 1413 902 recepit,

147 893 380 942 intentosque
414 897 562 942 signum
594 899 641 933 ad
668 900 936 946 erumpendum
967 909 1131 947 spectare
1164 902 1279 948 jubet.
1330 904 1414 939 Jam

147 952 243 976 nona
284 942 402 978 ferme
443 944 519 979 diei
560 945 648 980 hora
691 954 777 990 erat,
813 959 898 983 cum
942 949 1126 984 Romanus
1166 952 1415 997 nequicquam

147 987 299 1035 fatigato
331 991 461 1038 milite,
488 1000 684 1039 postquam
718 995 817 1029 nulla
847 1007 931 1041 spes
966 1003 1042 1031 erat
1077 997 1239 1043 potiundi
1274 1000 1412 1045 castris,

146 1036 293 1082 signum
327 1040 491 1086 receptui
525 1039 637 1076 dedit.
689 1042 793 1080 Quod
827 1043 892 1077 ubi
925 1043 1105 1079 Hannibal
1139 1047 1281 1091 accepit
1316 1046 1413 1081 laxa-

147 1089 296 1130 tamque
338 1097 500 1132 pugnam
543 1094 579 1122 et
621 1091 823 1124 recessum²
860 1102 882 1124 a
924 1092 1052 1125 castris
1094 1092 1193 1138 vidit,
1229 1094 1413 1140 externplo

147 1131 332 1177 equitibus
365 1133 494 1168 dextra
531 1134 710 1182 laevaque
752 1137 897 1171 emissis
938 1138 972 1172 in
1016 1138 1171 1184 hostem,
1208 1140 1285 1186 ipse
1327 1153 1413 1176 cum

146 1178 316 1224 peditum
349 1180 474 1216 robore
506 1182 640 1217 mediis
678 1185 804 1218 castris
846 1185 974 1230 erupit.
1026 1186 1152 1231 Pugna
1187 1198 1262 1221 raro
1296 1189 1414 1234 magis

146 1227 272 1261 saeva³
303 1233 340 1262 et
373 1239 458 1263 cum
493 1230 679 1275 utriusque
713 1231 826 1276 partis
859 1232 1020 1278 pernicie
1053 1233 1180 1268 clarior
1213 1234 1352 1282 fuisset,
1381 1236 1412 1271 si

145 1273 295 1309 extendi
322 1286 405 1310 eam
431 1276 513 1310 dies
538 1277 573 1311 in
600 1277 747 1323 longum
773 1280 933 1324 spatium
967 1281 1122 1315 sivisset.
1172 1282 1255 1317 Nox
1281 1294 1411 1318 accen-

145 1331 230 1356 sum
269 1321 478 1367 ingentibus
518 1324 651 1361 animis
691 1326 868 1371 proelium
902 1327 1063 1362 diremit.
1124 1328 1260 1375 Itaque¹
1293 1331 1411 1366 acrior

144 1379 342 1404 concursus
366 1369 435 1404 suit
460 1381 571 1416 quam
597 1372 753 1418 caedes,
781 1380 817 1408 et
844 1373 938 1409 sicut
964 1382 1121 1421 aequata
1149 1376 1263 1412 ferme
1288 1389 1411 1424 pugna

144 1422 232 1462 erat,
261 1418 312 1451 ita
339 1417 444 1452 clade
474 1418 553 1463 pari
579 1418 783 1455 discessum
818 1428 886 1455 est.
937 1422 996 1457 Ab
1030 1430 1158 1458 neutra
1191 1431 1292 1470 parte
1327 1438 1408 1461 sex-

143 1464 261 1498 centis
293 1464 374 1510 plus
407 1465 602 1512 peditibus,
634 1473 670 1501 et
703 1467 896 1503 dimidium
930 1469 1024 1515 ejus⁴
1057 1471 1223 1517 equitum
1258 1474 1406 1508 cecidit.

143 1509 215 1545 Sed
247 1511 364 1556 major
396 1512 569 1547 Romanis
601 1525 714 1559 quam
746 1526 808 1560 pro
841 1527 992 1551 numero
1031 1518 1173 1563 jactura
1207 1519 1284 1564 fuit,
1320 1521 1409 1566 quia.

143 1559 326 1603 equestris
361 1559 495 1595 ordinis
534 1560 671 1606 aliquot
714 1568 750 1596 et
792 1562 926 1597 tribuni
967 1564 1127 1600 militum
1168 1567 1328 1612 quinque
1369 1575 1406 1603 et

141 1605 317 1650 praefecti
350 1607 546 1642 sociorum⁵
580 1614 652 1643 tres
694 1615 776 1643 sunt
817 1610 1011 1645 interfecti.
1074 1612 1283 1648 Secundum
1322 1626 1405 1650 eam

145 1657 1408 1676 Ἣ

140 1680 185 1719 by
207 1679 352 1721 shaking
374 1681 590 1719 themselves,
617 1682 697 1722 they
721 1684 828 1723 began
851 1692 886 1716 to
909 1696 1005 1717 move
1033 1686 1096 1718 and
1124 1687 1260 1719 breathe
1283 1687 1400 1729 sreely,

140 1719 202 1751 and
219 1727 254 1752 to
271 1720 353 1761 light
369 1721 446 1753 fires
462 1722 540 1753 here
558 1723 620 1754 and
643 1723 749 1760 there,
769 1724 848 1756 then
872 1735 972 1765 every
988 1737 1049 1758 one
1074 1727 1196 1759 looked
1218 1728 1404 1770 helplessly

140 1759 190 1792 for
205 1760 256 1792 his
273 1761 490 1801 neighbour’s
507 1763 714 1794 assistance.'

146 1809 152 1813 ·
179 1802 190 1819 ²
207 1801 361 1842 ‘Having
376 1803 533 1834 removed
549 1803 631 1835 from
654 1804 711 1834 the
734 1805 954 1842 Apennines.‘
1001 1806 1086 1839 This
1109 1808 1136 1839 is
1160 1807 1215 1840 the
1239 1819 1337 1841 sense
1361 1811 1399 1842 of

137 1842 320 1912 gigresffus,
340 1842 451 1874 which
467 1843 494 1874 is
511 1843 567 1875 the
590 1843 726 1884 reading
741 1844 779 1876 of
796 1845 853 1877 the
875 1847 1109 1887 manuscripts.
1154 1848 1230 1880 The
1253 1850 1399 1883 editions

162 1891 222 1912 ave
301 1894 421 1914 TCSSES-
1192 1906 1196 1910 ·

177 1922 189 1939 ²
202 1894 368 1954 Seilegesse
379 1935 392 1960 ;
415 1923 470 1954 the
487 1925 618 1963 passive
635 1925 662 1955 is
678 1925 760 1956 used
777 1925 1025 1967 impersonally,
1048 1931 1055 1945 ⁴
1068 1927 1166 1961 when
1181 1929 1223 1961 he
1239 1941 1310 1962 saw
1327 1932 1396 1963 that

135 1962 364 2033 pretii-{ment
387 1963 452 1995 had
475 1965 560 1996 been
582 1964 678 1996 made
703 1964 785 2001 (that
807 1966 848 2003 is,
868 1967 939 1999 that
960 1968 1016 2000 the
1039 1979 1159 2010 enemy
1176 1970 1241 2002 had
1263 1972 1396 2005 retired)

149 2011 220 2032 rom
238 2009 248 2032 t
275 2012 293 2033 e
309 2005 428 2043 camp.⁷

139 2041 359 2115 G³Figrcer
388 2044 452 2075 and
481 2054 572 2076 more
602 2044 837 2084 remarkable,’
866 2047 915 2080 for
943 2050 1069 2081 saevior
1098 2056 1126 2082 et
1155 2051 1284 2082 clarior.
1329 2052 1394 2084 See

172 2092 249 2112 ram.
301 2085 352 2114 99.

174 2122 186 2139 ⁴
202 2125 210 2137 ‘
224 2121 298 2153 The
315 2123 388 2154 half
405 2123 443 2155 of
459 2124 530 2155 that
547 2126 713 2162 number,'
734 2127 804 2166 ejus
827 2128 928 2169 being
949 2129 1006 2161 the
1029 2130 1174 2170 genitive
1198 2130 1236 2161 of
1254 2132 1288 2162 id
1309 2132 1391 2164 used

134 2162 391 2202 substantively.
435 2164 599 2204 Compare
616 2165 683 2197 xlii.
701 2169 731 2202 8,
748 2169 873 2213 placere
894 2172 1027 2201 senatui
1048 2170 1099 2202 M.
1117 2170 1296 2211 Popillium
1316 2183 1388 2203 con-

133 2202 234 2232 sulem
256 2201 529 2246 Ligures—ipsos
553 2207 722 2238 restituere
743 2219 778 2238 m
800 2209 986 2247 libertatem,
1011 2212 1153 2250 bonaque
1175 2217 1209 2241 ut
1235 2212 1287 2247 iis,
1307 2214 1391 2251 quod

133 2250 213 2272 EIUS
237 2245 408 2284 reciperari
426 2247 542 2285 possit,
563 2248 742 2278 reddamur
762 2259 886 2285 curare,
908 2254 962 2281 ‘to
984 2251 1058 2290 give
1084 2251 1168 2281 back
1191 2250 1246 2281 the
1269 2252 1385 2291 goods,

131 2288 165 2312 at
181 2282 265 2314 least
281 2294 317 2315 as
333 2285 433 2316 much
449 2285 581 2317 thereos
599 2287 693 2326 (ejus)
709 2298 745 2318 as
761 2289 859 2320 could
874 2291 915 2321 be
931 2290 1132 2322 recovered.’

171 2322 184 2340 ⁶
196 2321 272 2355 The
292 2325 446 2364 praefecti
460 2336 548 2357 were
572 2335 605 2357 to
628 2326 684 2358 the
700 2327 805 2365 allies,
825 2329 905 2361 both
921 2330 1016 2362 horse
1033 2330 1096 2362 and
1112 2330 1179 2362 soot
1197 2332 1386 2372 (praefectus
