1507 2492
662 152 665 157 Δ
684 115 812 143 mmm
831 117 872 144 11.
1342 117 1418 154 169

147 189 257 231 esset,
283 189 321 220 et
353 197 551 222 concursus
584 188 776 226 hominurn
811 192 848 227 in
882 192 1002 229 forum
1030 206 1078 231 ex
1106 202 1180 232 tota
1206 197 1297 235 urbe
1331 211 1416 237 con-

146 231 282 267 citatae
309 234 552 270 multitudinis
581 237 695 272 fieret.
747 239 955 275 Sustinebat
984 248 1107 278 tamen
1138 247 1280 292 Appius
1308 250 1415 294 perti-

145 279 253 313 nacia
286 285 425 316 tantam
466 288 747 331 tempestatem;
790 294 1045 335 certatumque
1087 291 1182 327 haud
1228 295 1415 332 incruento

142 325 278 370 proelio
311 327 414 374 foret,
443 331 477 364 ni
504 330 681 377 Quintius,
710 335 835 368 consul
863 335 963 381 alter,
991 340 1244 376 consularibus
1269 345 1413 388 negotio

142 370 227 407 dato
246 379 284 408 ut
301 375 481 422 collegam
502 379 547 424 vi²
567 379 595 413 si
613 380 720 415 aliter
738 392 804 415 non
825 391 982 428 possent,
1003 384 1049 419 de
1074 386 1148 421 foro
1172 389 1410 438 abducerent,

141 417 220 464 ipse
239 431 336 457 nunc
353 424 502 469 plebem
527 427 756 462 saevientem
775 430 946 474 precibus
969 432 1128 479 lenisset,
1150 447 1244 471 nunc
1271 446 1411 474 orasset

141 465 314 513 tribunos,
336 476 372 505 ut
391 472 586 508 concilium
607 474 853 510 dimitterent:
882 478 1016 514 Darent
1036 480 1111 515 irae
1129 484 1310 527 spatium:
1338 497 1409 522 uon

138 513 214 548 vim
245 527 350 551 suam
382 517 454 553 illis
483 524 630 566 tempus
657 521 928 569 adempturum,
957 526 1020 561 sed
1050 530 1242 565 consilium
1275 532 1410 569 viribus

137 560 370 599 additurum:
399 572 436 600 et
461 567 589 602 Patres
614 568 649 603 in
675 571 799 616 populi
825 578 861 606 et
887 574 1075 610 consulem
1101 577 1136 611 in
1156 578 1301 614 Patrum
1330 580 1407 617 sore

137 613 332 654 potestate.

185 658 243 690 57.
272 658 394 703 Aegre
420 661 549 696 sedata
574 661 621 697 ab
648 663 794 701 Quintio
820 665 936 711 plebs,
965 669 1078 704 multo
1106 673 1252 716 aegrius
1277 675 1403 711 consul

134 700 228 736 alter
253 714 276 738 a
305 705 484 742 Patribus.
537 709 696 744 Dimisso
723 712 872 748 taudem
907 717 1058 750 concilio
1088 718 1206 763 plebis
1234 730 1403 758 senatum

134 750 305 786 consules
335 752 484 789 habent.
535 755 606 790 Ubi
641 768 725 792 cum
761 759 868 794 timor
900 769 1010 808 atque
1046 765 1097 798 ira
1132 767 1287 803 invicem
1322 781 1402 805 sen-

133 797 267 832 tentias
296 800 509 848 variassent,
539 814 610 848 quo
640 806 759 850 magis
787 808 903 852 spatio
938 810 1146 857 interposito
1179 814 1226 848 ab
1262 816 1401 862 impetu

131 842 178 877 ad
221 847 504 884 consultandum
546 850 844 899 advocabantur‚¹
887 867 930 890 eo
973 857 1054 903 plus
1095 859 1338 898 abhorrebant
1379 876 1401 899 a

130 892 329 928 certatione
355 895 479 938 animi,
498 897 590 932 adeo
618 905 655 933 ut
682 899 827 938 Quintio
852 905 990 946 gratias
1016 915 1178 953 agerent,
1199 911 1293 954 quod
1321 910 1400 957 ejus

128 947 238 983 opera
258 941 424 987 mitigata
449 943 630 980 discordia
656 954 766 982 esset.
818 949 876 984 Ab
894 953 1013 997 Appio
1033 955 1174 1000 petitur,
1197 965 1233 991 ut
1260 965 1398 994 tantam

128 986 358 1024 consularem
384 990 618 1037 majestatem
645 1005 727 1028 esse
746 995 867 1042 vellet,
895 1006 1031 1044 quanta
1057 1012 1139 1036 esse
1166 1004 1202 1037 in
1229 1006 1398 1042 concordi

127 1032 277 1068 civitate
310 1044 445 1081 posset.
514 1039 609 1074 Dum
645 1041 779 1076 tribuni
813 1046 1056 1092 consulesque.
1090 1049 1134 1083 ad
1170 1062 1210 1084 se
1244 1053 1416 1099 quisque*

126 1080 248 1114 omnia
283 1083 435 1129 trahant,
472 1085 560 1120 nihil
595 1087 765 1123 relictum
799 1101 880 1125 esse
915 1093 1044 1128 virium
1080 1095 1114 1130 in
1149 1098 1292 1144 rnedio;
1326 1101 1396 1136 dis-

128 1130 281 1162 tractam
301 1129 573 1177 laceratamque
592 1145 668 1168 rem
692 1136 875 1181 publicam
894 1141 1014 1184 magis
1038 1153 1191 1186 quorum
1220 1145 1256 1180 in
1285 1159 1395 1183 manu

126 1172 182 1217 sit,
209 1185 321 1219 quam
352 1184 390 1211 ut
421 1178 614 1214 incolumis
648 1182 704 1227 sit,
734 1185 889 1228 quaeri.2
938 1188 1080 1233 Appius
1112 1198 1235 1226 contra
1271 1196 1394 1230 testari

125 1218 215 1255 deos
248 1230 358 1268 atque
384 1223 572 1272 homines,
609 1238 686 1262 rem
721 1230 906 1274 publicam
942 1235 1042 1279 prodi
1077 1248 1141 1282 per
1175 1247 1316 1276 metum
1349 1253 1394 1277 ac

124 1265 266 1314 deseri3
294 1281 362 1305 non
389 1272 577 1308 consulem
605 1277 758 1320 senatui,
787 1278 851 1312 sed
877 1287 1047 1316 senatum
1074 1286 1211 1321 consuli
1239 1288 1392 1335 deesse3

122 1315 309 1358 graviores
350 1319 469 1365 accipi
510 1319 621 1366 leges,
665 1334 778 1368 quam
820 1325 853 1360 in
897 1327 1003 1362 Sacro
1045 1330 1173 1366 Monte
1214 1343 1391 1382 acceptae

123 1361 204 1396 sint.
259 1364 385 1400 Victus
410 1372 535 1402 tamen
561 1368 710 1405 Patrum
736 1381 914 1409 consensu
941 1376 1091 1422 quievit.
1143 1380 1219 1416 Lex
1246 1383 1390 1419 silentio

148 1409 310 1445 orfei-tur.

122 1420 145 1455 p
169 1460 227 1492 58.
254 1458 350 1494 Tum
368 1461 526 1506 primum
545 1463 688 1499 tributis
705 1467 866 1502 comitiis
884 1471 997 1505 creati
1017 1472 1149 1509 tribuni
1168 1483 1261 1511 sunt.
1312 1479 1389 1514 Nu·

120 1515 220 1539 mero
239 1506 351 1541 etiam
369 1507 514 1544 additos
539 1516 622 1556 tres,
643 1513 793 1557 perinde
818 1526 861 1549 ac
887 1516 959 1552 duo
984 1525 1092 1554 antea
1118 1521 1281 1569 suerint?
1307 1525 1388 1561 Piso

119 1558 245 1586 auctor
271 1560 336 1588 est.
389 1556 563 1591 Nominat
589 1569 732 1605 quoque
759 1561 930 1606 tribunos,
951 1566 989 1599 C.
1009 1565 1178 1616 Siccium,
1199 1570 1238 1605 L.
1257 1573 1387 1609 Numi-

121 1599 261 1644 torium,
282 1601 336 1636 M.
357 1602 530 1649 Dudium,
551 1605 609 1650 Sp.
629 1606 788 1653 Icilium,
804 1609 842 1643 L.
863 1610 1092 1649 Maecilium.

168 1646 340 1683 Volscum
375 1652 794 1697 Aequicumqueinter
834 1658 1049 1696 seditionem
1084 1663 1285 1701 Romanam
1330 1674 1385 1704 est

117 1691 256 1729 bellum
290 1703 465 1732 coortum.
528 1700 770 1737 Vastaverant
810 1714 924 1749 agros,
961 1714 1010 1752 ut,
1047 1710 1076 1743 si
1119 1722 1191 1756 qua
1225 1716 1384 1750 secessio

115 1740 237 1786 plebis
271 1743 385 1789 fieret,
417 1745 463 1779 ad
494 1757 533 1780 se
564 1754 751 1793 receptum
787 1749 948 1788 haberet.
1002 1755 1220 1802 Compositis
1248 1761 1383 1798 deinde

116 1787 226 1823 rebus
243 1797 362 1825 castra
382 1798 473 1826 retro
492 1805 652 1829 movere.
704 1798 799 1843 App.
819 1799 994 1836 Claudius
1012 1803 1047 1838 in
1068 1804 1218 1841 Volscos
1237 1809 1381 1856 missus,

115 1834 265 1874 Quintio
291 1839 413 1884 Aequi
443 1842 627 1886 provincia
656 1846 789 1879 evenit.
843 1847 983 1884 Eadem
1009 1851 1042 1885 in
1070 1852 1199 1888 militia
1229 1857 1383 1893 saevitia

115 1883 236 1929 Appii,
255 1896 351 1929 quae
370 1886 481 1932 domi,
502 1900 593 1934 esse,
614 1889 760 1925 liberior
777 1893 873 1938 quod
900 1895 977 1930 sine
1005 1899 1382 1940 tribuniciisvinculis

114 1936 204 1964 erat.
255 1932 385 1968 Odisse
416 1934 563 1980 plebem
594 1937 685 1982 plus,
714 1950 824 1983 quam
855 1949 1001 1986 paterno
1035 1946 1136 1981 odio:
1172 1960 1211 1983 se
1241 1951 1379 1988 victum

113 1975 162 2011 ab
179 1989 244 2024 ea3
270 1991 310 2014 se
335 1981 442 2016 unico
469 1983 617 2018 consule
644 1985 774 2020 electo⁴
799 1987 975 2025 adversus
1003 1993 1235 2031 tribuniciam
1262 2005 1379 2043 potes-

154 2075 164 2093 ¹
181 2079 188 2091 ⁴
201 2075 300 2116 They
316 2088 403 2110 were
419 2081 617 2112 summoned
630 2082 651 2118 ;'
670 2082 857 2121 figurative,
875 2086 925 2118 for
944 2088 1044 2129 ‘they
1060 2092 1180 2129 passed
1197 2103 1276 2125 over
1292 2094 1376 2127 from

113 2115 246 2153 passion
260 2124 294 2148 to
306 2117 545 2152 deliberation.’
580 2122 808 2155 :lt-ocabantar
820 2127 931 2158 would
944 2128 1027 2161 have
1043 2132 1126 2162 beeri
1139 2143 1228 2164 more
1242 2135 1375 2167 accord-

114 2155 170 2194 ing
186 2163 220 2186 to
235 2167 388 2191 common
405 2172 519 2201 usage.

143 2195 426 2244 -2Rempublicam
441 2204 564 2242 quaeri,
584 2213 602 2233 a
624 2205 813 2236 contracted
837 2205 919 2239 form
943 2209 982 2240 of
998 2213 1190 2250 expression
1208 2213 1256 2245 for
1271 2217 1374 2257 magis

111 2237 237 2275 quaeri,
256 2249 292 2268 m
307 2249 441 2278 quornm
456 2245 602 2274 manibus
618 2245 673 2279 sit,
693 2255 787 2283 quam
802 2253 838 2277 ut
855 2248 1024 2282 incolumis
1040 2253 1096 2288 sit,
1118 2255 1305 2294 respublica.

151 2275 164 2294 ³
179 2275 244 2307 See
260 2277 353 2318 chap.
367 2282 417 2318 33,
437 2293 466 2321 p.
488 2286 556 2320 138,
577 2291 652 2314 note
669 2286 697 2315 3.

151 2316 163 2334 ⁴
179 2319 186 2332 ⁸
199 2315 343 2358 Though
360 2319 401 2352 he
418 2321 480 2354 had
496 2325 579 2355 been
596 2324 718 2356 chosen
736 2336 771 2357 ns
788 2326 843 2358 the
858 2329 935 2368 only
949 2330 983 2361 fit
998 2331 1138 2363 consul?
1183 2333 1305 2373 Electa,
1321 2347 1368 2369 or.
