<?xml version="1.0" encoding="UTF-8"?>
<!DOCTYPE html PUBLIC "-//W3C//DTD XHTML 1.0 Transitional//EN"
    "http://www.w3.org/TR/xhtml1/DTD/xhtml1-transitional.dtd">
<html xmlns="http://www.w3.org/1999/xhtml" xml:lang="en" lang="en">
 <head>
  <title>
</title>
<meta http-equiv="Content-Type" content="text/html;charset=utf-8" />
  <meta name='ocr-system' content='tesseract 3.04.00' />
  <meta name='ocr-capabilities' content='ocr_page ocr_carea ocr_par ocr_line ocrx_word'/>
</head>
<body>
  <div class='ocr_page' id='page_1' title='image "./historiarumlibri00livyuoft_0069.png"; bbox 0 0 1507 2476; ppageno 0'>
   <div class='ocr_carea' id='block_1_1' title="bbox 705 82 1418 118">
    <p class='ocr_par' dir='ltr' id='par_1_1' title="bbox 705 82 1418 118">
     <span class='ocr_line' id='line_1_1' title="bbox 705 82 1418 118; baseline -0.003 0"><span class='ocrx_word' id='word_1_1' title='bbox 705 92 830 118; x_wconf 67' lang='lat' dir='ltr'>mnan</span> <span class='ocrx_word' id='word_1_2' title='bbox 859 93 884 118; x_wconf 88' lang='lat'>1.</span> <span class='ocrx_word' id='word_1_3' title='bbox 1368 82 1418 116; x_wconf 71' lang='lat'>55</span> 
     </span>
    </p>
   </div>
   <div class='ocr_carea' id='block_1_2' title="bbox 162 163 1422 1764">
    <p class='ocr_par' dir='ltr' id='par_1_2' title="bbox 163 163 1422 966">
     <span class='ocr_line' id='line_1_2' title="bbox 166 163 1420 215; baseline -0.005 -10"><span class='ocrx_word' id='word_1_4' title='bbox 166 180 268 215; x_wconf 84' lang='lat' dir='ltr'>voce,</span> <span class='ocrx_word' id='word_1_5' title='bbox 295 174 333 204; x_wconf 90' lang='lat' dir='ltr'>ut</span> <span class='ocrx_word' id='word_1_6' title='bbox 358 168 481 204; x_wconf 86' lang='lat' dir='ltr'>hostes</span> <span class='ocrx_word' id='word_1_7' title='bbox 507 167 730 212; x_wconf 79' lang='lat' dir='ltr'>exaudirent,</span> <span class='ocrx_word' id='word_1_8' title='bbox 758 166 875 201; x_wconf 88' lang='lat' dir='ltr'>redire</span> <span class='ocrx_word' id='word_1_9' title='bbox 901 166 936 200; x_wconf 88' lang='lat' dir='ltr'>in</span> <span class='ocrx_word' id='word_1_10' title='bbox 961 165 1140 212; x_wconf 91' lang='lat' dir='ltr'>proelium</span> <span class='ocrx_word' id='word_1_11' title='bbox 1172 164 1294 210; x_wconf 89' lang='lat' dir='ltr'>jubet:</span> <span class='ocrx_word' id='word_1_12' title='bbox 1329 163 1420 199; x_wconf 85' lang='lat' dir='ltr'>nihil</span> 
     </span>
     <span class='ocr_line' id='line_1_3' title="bbox 167 212 1418 262; baseline -0.005 -11"><span class='ocrx_word' id='word_1_13' title='bbox 167 215 403 262; x_wconf 82' lang='lat' dir='ltr'>trepidatione</span> <span class='ocrx_word' id='word_1_14' title='bbox 421 226 512 260; x_wconf 88' lang='lat' dir='ltr'>opus</span> <span class='ocrx_word' id='word_1_15' title='bbox 534 226 636 255; x_wconf 84' lang='lat' dir='ltr'>esse;</span> <span class='ocrx_word' id='word_1_16' title='bbox 662 225 725 248; x_wconf 89' lang='lat' dir='ltr'>suo</span> <span class='ocrx_word' id='word_1_17' title='bbox 742 213 841 259; x_wconf 85' lang='lat' dir='ltr'>jussu</span> <span class='ocrx_word' id='word_1_18' title='bbox 861 212 1085 248; x_wconf 86' lang='lat' dir='ltr'>circumduci</span> <span class='ocrx_word' id='word_1_19' title='bbox 1106 213 1289 247; x_wconf 83' lang='lat' dir='ltr'>Albanum</span> <span class='ocrx_word' id='word_1_20' title='bbox 1317 223 1418 246; x_wconf 81' lang='lat' dir='ltr'>exer-</span> 
     </span>
     <span class='ocr_line' id='line_1_4' title="bbox 165 259 1419 308; baseline -0.006 -10"><span class='ocrx_word' id='word_1_21' title='bbox 165 265 291 308; x_wconf 84' lang='lat' dir='ltr'>citum,</span> <span class='ocrx_word' id='word_1_22' title='bbox 311 270 348 297; x_wconf 90' lang='lat' dir='ltr'>ut</span> <span class='ocrx_word' id='word_1_23' title='bbox 368 262 601 297; x_wconf 82' lang='lat' dir='ltr'>Fidenatium</span> <span class='ocrx_word' id='word_1_24' title='bbox 621 261 716 295; x_wconf 82' lang='lat' dir='ltr'>nuda</span> <span class='ocrx_word' id='word_1_25' title='bbox 736 270 835 305; x_wconf 79' lang='lat' dir='ltr'>terga</span> <span class='ocrx_word' id='word_1_26' title='bbox 853 261 1036 295; x_wconf 82' lang='lat' dir='ltr'>invadant.</span> <span class='ocrx_word' id='word_1_27' title='bbox 1088 259 1232 295; x_wconf 79' lang='lat' dir='ltr'>Eidem&#39;</span> <span class='ocrx_word' id='word_1_28' title='bbox 1254 259 1419 305; x_wconf 89' lang='lat' dir='ltr'>imperat,</span> 
     </span>
     <span class='ocr_line' id='line_1_5' title="bbox 164 306 1420 355; baseline -0.005 -10"><span class='ocrx_word' id='word_1_29' title='bbox 164 317 204 345; x_wconf 89' lang='lat' dir='ltr'>ut</span> <span class='ocrx_word' id='word_1_30' title='bbox 234 309 357 344; x_wconf 81' lang='lat' dir='ltr'>hastas</span> <span class='ocrx_word' id='word_1_31' title='bbox 383 309 526 355; x_wconf 82' lang='lat' dir='ltr'>equites</span> <span class='ocrx_word' id='word_1_32' title='bbox 554 309 690 353; x_wconf 87' lang='lat' dir='ltr'>erigere</span> <span class='ocrx_word' id='word_1_33' title='bbox 717 308 855 352; x_wconf 79' lang='lat' dir='ltr'>jubeat.</span> <span class='ocrx_word' id='word_1_34' title='bbox 907 308 946 342; x_wconf 89' lang='lat' dir='ltr'>Id</span> <span class='ocrx_word' id='word_1_35' title='bbox 976 308 1111 341; x_wconf 88' lang='lat' dir='ltr'>sactum</span> <span class='ocrx_word' id='word_1_36' title='bbox 1142 318 1298 351; x_wconf 86' lang='lat' dir='ltr'>maguae</span> <span class='ocrx_word' id='word_1_37' title='bbox 1328 306 1420 351; x_wconf 88' lang='lat' dir='ltr'>parti</span> 
     </span>
     <span class='ocr_line' id='line_1_6' title="bbox 163 353 1421 410; baseline -0.004 -19"><span class='ocrx_word' id='word_1_38' title='bbox 163 356 330 410; x_wconf 84' lang='lat' dir='ltr'>pediturn</span> <span class='ocrx_word' id='word_1_39' title='bbox 350 356 595 391; x_wconf 86' lang='lat' dir='ltr'>Romanorum</span> <span class='ocrx_word' id='word_1_40' title='bbox 622 362 858 401; x_wconf 88' lang='lat' dir='ltr'>conspectum</span> <span class='ocrx_word' id='word_1_41' title='bbox 886 354 1055 389; x_wconf 87' lang='lat' dir='ltr'>abeuntis</span> <span class='ocrx_word' id='word_1_42' title='bbox 1081 353 1212 388; x_wconf 88' lang='lat' dir='ltr'>Albani</span> <span class='ocrx_word' id='word_1_43' title='bbox 1240 353 1421 387; x_wconf 79' lang='lat' dir='ltr'>exercitus</span> 
     </span>
     <span class='ocr_line' id='line_1_7' title="bbox 163 400 1420 449; baseline -0.004 -11"><span class='ocrx_word' id='word_1_44' title='bbox 163 404 383 449; x_wconf 80' lang='lat' dir='ltr'>lntersepsit.</span> <span class='ocrx_word' id='word_1_45' title='bbox 434 403 503 441; x_wconf 87' lang='lat' dir='ltr'>Qui</span> <span class='ocrx_word' id='word_1_46' title='bbox 538 402 713 448; x_wconf 86' lang='lat' dir='ltr'>viderant,</span> <span class='ocrx_word' id='word_1_47' title='bbox 749 402 785 436; x_wconf 88' lang='lat' dir='ltr'>id</span> <span class='ocrx_word' id='word_1_48' title='bbox 818 402 914 447; x_wconf 81' lang='lat' dir='ltr'>quod</span> <span class='ocrx_word' id='word_1_49' title='bbox 948 402 995 436; x_wconf 86' lang='lat' dir='ltr'>ab</span> <span class='ocrx_word' id='word_1_50' title='bbox 1030 413 1113 446; x_wconf 86' lang='lat' dir='ltr'>rege</span> <span class='ocrx_word' id='word_1_51' title='bbox 1145 400 1310 435; x_wconf 89' lang='lat' dir='ltr'>auditum</span> <span class='ocrx_word' id='word_1_52' title='bbox 1343 405 1420 434; x_wconf 89' lang='lat' dir='ltr'>erat</span> 
     </span>
     <span class='ocr_line' id='line_1_8' title="bbox 164 447 1419 496; baseline -0.003 -12"><span class='ocrx_word' id='word_1_53' title='bbox 164 452 242 496; x_wconf 89' lang='lat' dir='ltr'>rati,</span> <span class='ocrx_word' id='word_1_54' title='bbox 269 462 313 484; x_wconf 86' lang='lat' dir='ltr'>eo</span> <span class='ocrx_word' id='word_1_55' title='bbox 341 451 462 485; x_wconf 86' lang='lat' dir='ltr'>acrius</span> <span class='ocrx_word' id='word_1_56' title='bbox 489 456 661 496; x_wconf 73' lang='lat' dir='ltr'>pugnant.</span> <span class='ocrx_word' id='word_1_57' title='bbox 712 450 840 483; x_wconf 88' lang='lat' dir='ltr'>Terror</span> <span class='ocrx_word' id='word_1_58' title='bbox 859 448 904 483; x_wconf 88' lang='lat' dir='ltr'>ad</span> <span class='ocrx_word' id='word_1_59' title='bbox 930 449 1052 483; x_wconf 85' lang='lat' dir='ltr'>hostes</span> <span class='ocrx_word' id='word_1_60' title='bbox 1078 448 1226 482; x_wconf 82' lang='lat' dir='ltr'>transit:</span> <span class='ocrx_word' id='word_1_61' title='bbox 1255 453 1290 481; x_wconf 92' lang='lat' dir='ltr'>et</span> <span class='ocrx_word' id='word_1_62' title='bbox 1318 447 1419 481; x_wconf 87' lang='lat' dir='ltr'>audi-</span> 
     </span>
     <span class='ocr_line' id='line_1_9' title="bbox 165 495 1420 541; baseline -0.003 -9"><span class='ocrx_word' id='word_1_63' title='bbox 165 504 291 532; x_wconf 89' lang='lat' dir='ltr'>verant</span> <span class='ocrx_word' id='word_1_64' title='bbox 323 497 421 532; x_wconf 83' lang='lat' dir='ltr'>clara</span> <span class='ocrx_word' id='word_1_65' title='bbox 455 509 543 531; x_wconf 88' lang='lat' dir='ltr'>voce</span> <span class='ocrx_word' id='word_1_66' title='bbox 577 497 727 540; x_wconf 78' lang='lat' dir='ltr'>dictum,</span> <span class='ocrx_word' id='word_1_67' title='bbox 763 503 798 530; x_wconf 91' lang='lat' dir='ltr'>et</span> <span class='ocrx_word' id='word_1_68' title='bbox 833 508 964 532; x_wconf 55' lang='lat' dir='ltr'>maana</span> <span class='ocrx_word' id='word_1_69' title='bbox 997 507 1080 541; x_wconf 88' lang='lat' dir='ltr'>pars</span> <span class='ocrx_word' id='word_1_70' title='bbox 1113 495 1353 537; x_wconf 85' lang='lat' dir='ltr'>Fidenatium,</span> <span class='ocrx_word' id='word_1_71' title='bbox 1383 499 1420 528; x_wconf 92' lang='lat' dir='ltr'>ut</span> 
     </span>
     <span class='ocr_line' id='line_1_10' title="bbox 163 542 1420 591; baseline -0.003 -12"><span class='ocrx_word' id='word_1_72' title='bbox 163 545 225 591; x_wconf 90' lang='lat' dir='ltr'>qui</span> <span class='ocrx_word' id='word_1_73' title='bbox 255 544 370 579; x_wconf 89' lang='lat' dir='ltr'>coloni</span> <span class='ocrx_word' id='word_1_74' title='bbox 397 544 509 579; x_wconf 84' lang='lat' dir='ltr'>additi</span> <span class='ocrx_word' id='word_1_75' title='bbox 539 545 711 579; x_wconf 86' lang='lat' dir='ltr'>Romanis</span> <span class='ocrx_word' id='word_1_76' title='bbox 739 544 886 587; x_wconf 71' lang='lat' dir='ltr'>essent,2</span> <span class='ocrx_word' id='word_1_77' title='bbox 908 543 1035 577; x_wconf 83' lang='lat' dir='ltr'>Latine</span> <span class='ocrx_word' id='word_1_78' title='bbox 1066 542 1242 577; x_wconf 82' lang='lat' dir='ltr'>sciebant.</span> <span class='ocrx_word' id='word_1_79' title='bbox 1293 542 1420 586; x_wconf 87' lang='lat' dir='ltr'>Itaque</span> 
     </span>
     <span class='ocr_line' id='line_1_11' title="bbox 164 588 1421 627; baseline -0.003 -1"><span class='ocrx_word' id='word_1_80' title='bbox 164 603 210 626; x_wconf 89' lang='lat' dir='ltr'>ne</span> <span class='ocrx_word' id='word_1_81' title='bbox 240 591 358 626; x_wconf 88' lang='lat' dir='ltr'>subito</span> <span class='ocrx_word' id='word_1_82' title='bbox 392 603 437 627; x_wconf 81' lang='lat' dir='ltr'>ex</span> <span class='ocrx_word' id='word_1_83' title='bbox 470 591 624 626; x_wconf 90' lang='lat' dir='ltr'>collibus</span> <span class='ocrx_word' id='word_1_84' title='bbox 658 591 812 625; x_wconf 83' lang='lat' dir='ltr'>decursu</span> <span class='ocrx_word' id='word_1_85' title='bbox 841 591 1063 625; x_wconf 85' lang='lat' dir='ltr'>Albanorum</span> <span class='ocrx_word' id='word_1_86' title='bbox 1094 588 1421 624; x_wconf 85' lang='lat' dir='ltr'>intercluderentur</span> 
     </span>
     <span class='ocr_line' id='line_1_12' title="bbox 163 636 1419 684; baseline -0.003 -11"><span class='ocrx_word' id='word_1_87' title='bbox 163 638 212 673; x_wconf 89' lang='lat' dir='ltr'>ab</span> <span class='ocrx_word' id='word_1_88' title='bbox 229 639 369 684; x_wconf 88' lang='lat' dir='ltr'>oppido,</span> <span class='ocrx_word' id='word_1_89' title='bbox 389 645 490 684; x_wconf 85' lang='lat' dir='ltr'>terga</span> <span class='ocrx_word' id='word_1_90' title='bbox 507 644 665 672; x_wconf 88' lang='lat' dir='ltr'>vertunt.</span> <span class='ocrx_word' id='word_1_91' title='bbox 717 638 828 673; x_wconf 84' lang='lat' dir='ltr'>Instat</span> <span class='ocrx_word' id='word_1_92' title='bbox 847 638 985 682; x_wconf 80' lang='lat' dir='ltr'>Tullus,</span> <span class='ocrx_word' id='word_1_93' title='bbox 1007 636 1158 682; x_wconf 78' lang='lat' dir='ltr'>fusoque</span> <span class='ocrx_word' id='word_1_94' title='bbox 1186 636 1419 670; x_wconf 78' lang='lat' dir='ltr'>Fidenatium</span> 
     </span>
     <span class='ocr_line' id='line_1_13' title="bbox 163 682 1419 730; baseline -0.003 -10"><span class='ocrx_word' id='word_1_95' title='bbox 163 696 273 720; x_wconf 76' lang='lat' dir='ltr'>cornu</span> <span class='ocrx_word' id='word_1_96' title='bbox 302 686 338 720; x_wconf 89' lang='lat' dir='ltr'>in</span> <span class='ocrx_word' id='word_1_97' title='bbox 368 686 558 720; x_wconf 70' lang='lat' dir='ltr'>Veientem</span> <span class='ocrx_word' id='word_1_98' title='bbox 588 685 708 719; x_wconf 87' lang='lat' dir='ltr'>alieno</span> <span class='ocrx_word' id='word_1_99' title='bbox 736 696 868 730; x_wconf 88' lang='lat' dir='ltr'>pavore</span> <span class='ocrx_word' id='word_1_100' title='bbox 898 684 1104 730; x_wconf 85' lang='lat' dir='ltr'>perculsum</span> <span class='ocrx_word' id='word_1_101' title='bbox 1135 683 1288 717; x_wconf 88' lang='lat' dir='ltr'>ferocior</span> <span class='ocrx_word' id='word_1_102' title='bbox 1315 682 1419 716; x_wconf 89' lang='lat' dir='ltr'>redit.</span> 
     </span>
     <span class='ocr_line' id='line_1_14' title="bbox 163 729 1419 778; baseline -0.002 -11"><span class='ocrx_word' id='word_1_103' title='bbox 163 732 244 767; x_wconf 89' lang='lat' dir='ltr'>Nec</span> <span class='ocrx_word' id='word_1_104' title='bbox 262 732 313 767; x_wconf 91' lang='lat' dir='ltr'>illi</span> <span class='ocrx_word' id='word_1_105' title='bbox 331 733 446 767; x_wconf 91' lang='lat' dir='ltr'>tulere</span> <span class='ocrx_word' id='word_1_106' title='bbox 465 734 662 778; x_wconf 87' lang='lat' dir='ltr'>impeturn:</span> <span class='ocrx_word' id='word_1_107' title='bbox 693 732 756 765; x_wconf 84' lang='lat' dir='ltr'>sed</span> <span class='ocrx_word' id='word_1_108' title='bbox 775 732 821 766; x_wconf 92' lang='lat' dir='ltr'>ab</span> <span class='ocrx_word' id='word_1_109' title='bbox 840 731 957 765; x_wconf 78' lang='lat' dir='ltr'>effusa</span> <span class='ocrx_word' id='word_1_110' title='bbox 975 731 1061 775; x_wconf 73' lang='lat' dir='ltr'>fuga</span> <span class='ocrx_word' id='word_1_111' title='bbox 1079 731 1216 765; x_wconf 84' lang='lat' dir='ltr'>flumen</span> <span class='ocrx_word' id='word_1_112' title='bbox 1234 729 1419 774; x_wconf 85' lang='lat' dir='ltr'>objectum</span> 
     </span>
     <span class='ocr_line' id='line_1_15' title="bbox 163 777 1421 825; baseline -0.002 -12"><span class='ocrx_word' id='word_1_113' title='bbox 163 779 211 813; x_wconf 87' lang='lat' dir='ltr'>ab</span> <span class='ocrx_word' id='word_1_114' title='bbox 239 786 339 825; x_wconf 88' lang='lat' dir='ltr'>tergo</span> <span class='ocrx_word' id='word_1_115' title='bbox 367 779 527 814; x_wconf 91' lang='lat' dir='ltr'>arcebat.</span> <span class='ocrx_word' id='word_1_116' title='bbox 579 779 658 817; x_wconf 82' lang='lat' dir='ltr'>Quo</span> <span class='ocrx_word' id='word_1_117' title='bbox 686 786 879 824; x_wconf 75' lang='lat' dir='ltr'>postquam</span> <span class='ocrx_word' id='word_1_118' title='bbox 908 779 993 823; x_wconf 75' lang='lat' dir='ltr'>suga</span> <span class='ocrx_word' id='word_1_119' title='bbox 1016 777 1207 820; x_wconf 82' lang='lat' dir='ltr'>inclinavit,</span> <span class='ocrx_word' id='word_1_120' title='bbox 1236 777 1297 811; x_wconf 90' lang='lat' dir='ltr'>alii</span> <span class='ocrx_word' id='word_1_121' title='bbox 1319 788 1421 811; x_wconf 89' lang='lat' dir='ltr'>arma</span> 
     </span>
     <span class='ocr_line' id='line_1_16' title="bbox 163 825 1421 872; baseline -0.002 -12"><span class='ocrx_word' id='word_1_122' title='bbox 163 825 272 860; x_wconf 86' lang='lat' dir='ltr'>foede</span> <span class='ocrx_word' id='word_1_123' title='bbox 288 826 469 872; x_wconf 84' lang='lat' dir='ltr'>jactantes</span> <span class='ocrx_word' id='word_1_124' title='bbox 487 827 521 861; x_wconf 89' lang='lat' dir='ltr'>in</span> <span class='ocrx_word' id='word_1_125' title='bbox 540 838 671 871; x_wconf 86' lang='lat' dir='ltr'>aquam</span> <span class='ocrx_word' id='word_1_126' title='bbox 698 827 798 860; x_wconf 88' lang='lat' dir='ltr'>caeci</span> <span class='ocrx_word' id='word_1_127' title='bbox 826 826 987 866; x_wconf 68' lang='lat' dir='ltr'>ruebant„</span> <span class='ocrx_word' id='word_1_128' title='bbox 1007 825 1069 859; x_wconf 89' lang='lat' dir='ltr'>alii</span> <span class='ocrx_word' id='word_1_129' title='bbox 1094 825 1180 859; x_wconf 89' lang='lat' dir='ltr'>dum</span> <span class='ocrx_word' id='word_1_130' title='bbox 1208 830 1421 858; x_wconf 84' lang='lat' dir='ltr'>cunctantur</span> 
     </span>
     <span class='ocr_line' id='line_1_17' title="bbox 164 871 1422 919; baseline -0.001 -12"><span class='ocrx_word' id='word_1_131' title='bbox 164 872 201 907; x_wconf 90' lang='lat' dir='ltr'>in</span> <span class='ocrx_word' id='word_1_132' title='bbox 235 874 333 919; x_wconf 80' lang='lat' dir='ltr'>ripis,</span> <span class='ocrx_word' id='word_1_133' title='bbox 368 873 461 908; x_wconf 84' lang='lat' dir='ltr'>inter</span> <span class='ocrx_word' id='word_1_134' title='bbox 495 873 602 919; x_wconf 72' lang='lat' dir='ltr'>fugae</span> <span class='ocrx_word' id='word_1_135' title='bbox 638 884 853 918; x_wconf 81' lang='lat' dir='ltr'>pugnaeque</span> <span class='ocrx_word' id='word_1_136' title='bbox 888 873 1079 907; x_wconf 89' lang='lat' dir='ltr'>consilium</span> <span class='ocrx_word' id='word_1_137' title='bbox 1113 872 1288 917; x_wconf 87' lang='lat' dir='ltr'>oppressi.</span> <span class='ocrx_word' id='word_1_138' title='bbox 1339 871 1422 906; x_wconf 83' lang='lat' dir='ltr'>Non</span> 
     </span>
     <span class='ocr_line' id='line_1_18' title="bbox 163 919 923 966; baseline -0.001 -12"><span class='ocrx_word' id='word_1_139' title='bbox 163 919 235 954; x_wconf 87' lang='lat' dir='ltr'>alia</span> <span class='ocrx_word' id='word_1_140' title='bbox 251 927 336 954; x_wconf 87' lang='lat' dir='ltr'>ante</span> <span class='ocrx_word' id='word_1_141' title='bbox 355 921 518 955; x_wconf 85' lang='lat' dir='ltr'>Romana</span> <span class='ocrx_word' id='word_1_142' title='bbox 535 932 655 966; x_wconf 83' lang='lat' dir='ltr'>pugna</span> <span class='ocrx_word' id='word_1_143' title='bbox 673 921 826 954; x_wconf 82' lang='lat' dir='ltr'>atrocior</span> <span class='ocrx_word' id='word_1_144' title='bbox 846 920 923 953; x_wconf 81' lang='lat' dir='ltr'>suit.</span> 
     </span>
    </p>

    <p class='ocr_par' dir='ltr' id='par_1_3' title="bbox 162 965 1422 1764">
     <span class='ocr_line' id='line_1_19' title="bbox 214 965 1420 1012; baseline -0.001 -11"><span class='ocrx_word' id='word_1_145' title='bbox 214 970 270 1002; x_wconf 86' lang='lat'>28.</span> <span class='ocrx_word' id='word_1_146' title='bbox 297 968 392 1002; x_wconf 88' lang='lat' dir='ltr'>Tum</span> <span class='ocrx_word' id='word_1_147' title='bbox 410 967 574 1002; x_wconf 88' lang='lat' dir='ltr'>Albanus</span> <span class='ocrx_word' id='word_1_148' title='bbox 592 968 783 1011; x_wconf 76' lang='lat' dir='ltr'>exercitus,</span> <span class='ocrx_word' id='word_1_149' title='bbox 803 973 984 1012; x_wconf 81' lang='lat' dir='ltr'>spectator</span> <span class='ocrx_word' id='word_1_150' title='bbox 1001 966 1220 1010; x_wconf 79' lang='lat' dir='ltr'>certaminis,</span> <span class='ocrx_word' id='word_1_151' title='bbox 1241 965 1420 1000; x_wconf 83' lang='lat' dir='ltr'>deductus</span> 
     </span>
     <span class='ocr_line' id='line_1_20' title="bbox 164 1013 1421 1060; baseline -0.002 -11"><span class='ocrx_word' id='word_1_152' title='bbox 164 1014 198 1048; x_wconf 85' lang='lat' dir='ltr'>in</span> <span class='ocrx_word' id='word_1_153' title='bbox 219 1026 378 1060; x_wconf 84' lang='lat' dir='ltr'>campos.</span> <span class='ocrx_word' id='word_1_154' title='bbox 429 1015 582 1049; x_wconf 87' lang='lat' dir='ltr'>Mettius</span> <span class='ocrx_word' id='word_1_155' title='bbox 600 1014 705 1048; x_wconf 91' lang='lat' dir='ltr'>Tullo</span> <span class='ocrx_word' id='word_1_156' title='bbox 724 1015 888 1047; x_wconf 82' lang='lat' dir='ltr'>devictos</span> <span class='ocrx_word' id='word_1_157' title='bbox 907 1013 1030 1048; x_wconf 80' lang='lat' dir='ltr'>hostes</span> <span class='ocrx_word' id='word_1_158' title='bbox 1047 1013 1244 1058; x_wconf 71' lang='lat' dir='ltr'>gratulatur</span> <span class='ocrx_word' id='word_1_159' title='bbox 1257 1013 1280 1058; x_wconf 76' lang='lat'>3³</span> <span class='ocrx_word' id='word_1_160' title='bbox 1297 1019 1421 1046; x_wconf 83' lang='lat' dir='ltr'>eontra</span> 
     </span>
     <span class='ocr_line' id='line_1_21' title="bbox 164 1060 1422 1106; baseline 0 -12"><span class='ocrx_word' id='word_1_161' title='bbox 164 1060 292 1096; x_wconf 87' lang='lat' dir='ltr'>Tullus</span> <span class='ocrx_word' id='word_1_162' title='bbox 325 1061 499 1096; x_wconf 88' lang='lat' dir='ltr'>Mettium</span> <span class='ocrx_word' id='word_1_163' title='bbox 543 1061 700 1106; x_wconf 80' lang='lat' dir='ltr'>benigne</span> <span class='ocrx_word' id='word_1_164' title='bbox 741 1061 946 1106; x_wconf 85' lang='lat' dir='ltr'>alloquitur.</span> <span class='ocrx_word' id='word_1_165' title='bbox 1013 1060 1116 1098; x_wconf 75' lang='lat' dir='ltr'>Quod</span> <span class='ocrx_word' id='word_1_166' title='bbox 1152 1060 1245 1094; x_wconf 89' lang='lat' dir='ltr'>bene</span> <span class='ocrx_word' id='word_1_167' title='bbox 1279 1061 1422 1105; x_wconf 82' lang='lat' dir='ltr'>vertat,⁴</span> 
     </span>
     <span class='ocr_line' id='line_1_22' title="bbox 164 1107 1420 1153; baseline 0 -12"><span class='ocrx_word' id='word_1_168' title='bbox 164 1113 282 1142; x_wconf 85' lang='lat' dir='ltr'>castra</span> <span class='ocrx_word' id='word_1_169' title='bbox 309 1109 471 1143; x_wconf 88' lang='lat' dir='ltr'>Albanos</span> <span class='ocrx_word' id='word_1_170' title='bbox 498 1108 672 1142; x_wconf 82' lang='lat' dir='ltr'>Romanis</span> <span class='ocrx_word' id='word_1_171' title='bbox 701 1108 829 1142; x_wconf 86' lang='lat' dir='ltr'>castris</span> <span class='ocrx_word' id='word_1_172' title='bbox 860 1107 1010 1153; x_wconf 66' lang='lat' dir='ltr'>jungere</span> <span class='ocrx_word' id='word_1_173' title='bbox 1044 1107 1167 1152; x_wconf 73' lang='lat' dir='ltr'>jubet,</span> <span class='ocrx_word' id='word_1_174' title='bbox 1201 1107 1420 1141; x_wconf 82' lang='lat' dir='ltr'>sacrificium</span> 
     </span>
     <span class='ocr_line' id='line_1_23' title="bbox 165 1153 1420 1199; baseline 0 -11"><span class='ocrx_word' id='word_1_175' title='bbox 165 1153 314 1188; x_wconf 84' lang='lat' dir='ltr'>lustrale</span> <span class='ocrx_word' id='word_1_176' title='bbox 341 1155 377 1189; x_wconf 90' lang='lat' dir='ltr'>in</span> <span class='ocrx_word' id='word_1_177' title='bbox 403 1155 502 1189; x_wconf 88' lang='lat' dir='ltr'>diem</span> <span class='ocrx_word' id='word_1_178' title='bbox 530 1161 714 1199; x_wconf 88' lang='lat' dir='ltr'>posterum</span> <span class='ocrx_word' id='word_1_179' title='bbox 741 1160 853 1198; x_wconf 86' lang='lat' dir='ltr'>parat.</span> <span class='ocrx_word' id='word_1_180' title='bbox 906 1154 975 1188; x_wconf 92' lang='lat' dir='ltr'>Ubi</span> <span class='ocrx_word' id='word_1_181' title='bbox 1002 1154 1129 1197; x_wconf 83' lang='lat' dir='ltr'>illuxit,</span> <span class='ocrx_word' id='word_1_182' title='bbox 1151 1154 1283 1199; x_wconf 86' lang='lat' dir='ltr'>paratis</span> <span class='ocrx_word' id='word_1_183' title='bbox 1307 1155 1420 1188; x_wconf 87' lang='lat' dir='ltr'>omni-</span> 
     </span>
     <span class='ocr_line' id='line_1_24' title="bbox 168 1200 1420 1246; baseline 0 -11"><span class='ocrx_word' id='word_1_184' title='bbox 168 1201 238 1235; x_wconf 91' lang='lat' dir='ltr'>bus</span> <span class='ocrx_word' id='word_1_185' title='bbox 270 1206 310 1235; x_wconf 88' lang='lat' dir='ltr'>ut</span> <span class='ocrx_word' id='word_1_186' title='bbox 342 1201 485 1241; x_wconf 87' lang='lat' dir='ltr'>assolet,</span> <span class='ocrx_word' id='word_1_187' title='bbox 519 1201 639 1234; x_wconf 90' lang='lat' dir='ltr'>vocari</span> <span class='ocrx_word' id='word_1_188' title='bbox 672 1200 718 1234; x_wconf 86' lang='lat' dir='ltr'>ad</span> <span class='ocrx_word' id='word_1_189' title='bbox 753 1201 959 1234; x_wconf 87' lang='lat' dir='ltr'>contionem</span> <span class='ocrx_word' id='word_1_190' title='bbox 994 1208 1185 1246; x_wconf 87' lang='lat' dir='ltr'>utrumque</span> <span class='ocrx_word' id='word_1_191' title='bbox 1219 1201 1420 1235; x_wconf 82' lang='lat' dir='ltr'>exercitum</span> 
     </span>
     <span class='ocr_line' id='line_1_25' title="bbox 170 1247 1418 1293; baseline 0.001 -12"><span class='ocrx_word' id='word_1_192' title='bbox 170 1247 285 1292; x_wconf 86' lang='lat' dir='ltr'>jubet.</span> <span class='ocrx_word' id='word_1_193' title='bbox 337 1248 540 1282; x_wconf 89' lang='lat' dir='ltr'>Praecones</span> <span class='ocrx_word' id='word_1_194' title='bbox 557 1247 604 1281; x_wconf 86' lang='lat' dir='ltr'>ab</span> <span class='ocrx_word' id='word_1_195' title='bbox 622 1254 785 1282; x_wconf 78' lang='lat' dir='ltr'>extremo</span> <span class='ocrx_word' id='word_1_196' title='bbox 803 1249 886 1281; x_wconf 71' lang='lat' dir='ltr'>orsi-&#39;⁵</span> <span class='ocrx_word' id='word_1_197' title='bbox 904 1248 1038 1293; x_wconf 87' lang='lat' dir='ltr'>primos</span> <span class='ocrx_word' id='word_1_198' title='bbox 1061 1250 1227 1282; x_wconf 76' lang='lat' dir='ltr'>excivere</span> <span class='ocrx_word' id='word_1_199' title='bbox 1246 1247 1418 1282; x_wconf 88' lang='lat' dir='ltr'>Albanos.</span> 
     </span>
     <span class='ocr_line' id='line_1_26' title="bbox 165 1294 1420 1340; baseline -0.001 -11"><span class='ocrx_word' id='word_1_200' title='bbox 165 1294 212 1329; x_wconf 92' lang='lat' dir='ltr'>Hi</span> <span class='ocrx_word' id='word_1_201' title='bbox 246 1295 406 1329; x_wconf 90' lang='lat' dir='ltr'>novitate</span> <span class='ocrx_word' id='word_1_202' title='bbox 442 1295 553 1328; x_wconf 74' lang='lat' dir='ltr'>etiam</span> <span class='ocrx_word' id='word_1_203' title='bbox 589 1295 638 1328; x_wconf 85' lang='lat' dir='ltr'>rei</span> <span class='ocrx_word' id='word_1_204' title='bbox 674 1294 772 1339; x_wconf 69' lang='lat' dir='ltr'>moti,</span> <span class='ocrx_word' id='word_1_205' title='bbox 807 1301 845 1328; x_wconf 91' lang='lat' dir='ltr'>ut</span> <span class='ocrx_word' id='word_1_206' title='bbox 886 1306 1007 1340; x_wconf 80' lang='lat' dir='ltr'>regern</span> <span class='ocrx_word' id='word_1_207' title='bbox 1042 1295 1244 1329; x_wconf 86' lang='lat' dir='ltr'>Romanum</span> <span class='ocrx_word' id='word_1_208' title='bbox 1286 1295 1420 1329; x_wconf 89' lang='lat' dir='ltr'>contio-</span> 
     </span>
     <span class='ocr_line' id='line_1_27' title="bbox 164 1341 1421 1387; baseline 0 -11"><span class='ocrx_word' id='word_1_209' title='bbox 164 1347 314 1376; x_wconf 88' lang='lat' dir='ltr'>nantem</span> <span class='ocrx_word' id='word_1_210' title='bbox 338 1341 516 1387; x_wconf 72' lang='lat' dir='ltr'>audirent,</span> <span class='ocrx_word' id='word_1_211' title='bbox 537 1341 690 1386; x_wconf 86' lang='lat' dir='ltr'>proximi</span> <span class='ocrx_word' id='word_1_212' title='bbox 717 1342 922 1375; x_wconf 87' lang='lat' dir='ltr'>constitere.</span> <span class='ocrx_word' id='word_1_213' title='bbox 975 1342 1032 1376; x_wconf 78' lang='lat' dir='ltr'>Ex</span> <span class='ocrx_word' id='word_1_214' title='bbox 1056 1342 1256 1387; x_wconf 84' lang='lat' dir='ltr'>composito</span> <span class='ocrx_word' id='word_1_215' title='bbox 1281 1348 1421 1376; x_wconf 89' lang='lat' dir='ltr'>armata</span> 
     </span>
     <span class='ocr_line' id='line_1_28' title="bbox 164 1388 1421 1433; baseline 0.002 -11"><span class='ocrx_word' id='word_1_216' title='bbox 164 1388 412 1423; x_wconf 85' lang='lat' dir='ltr'>circumdatur</span> <span class='ocrx_word' id='word_1_217' title='bbox 437 1389 599 1423; x_wconf 82' lang='lat' dir='ltr'>Romana</span> <span class='ocrx_word' id='word_1_218' title='bbox 626 1388 741 1432; x_wconf 82' lang='lat' dir='ltr'>legio:</span> <span class='ocrx_word' id='word_1_219' title='bbox 778 1389 1047 1423; x_wconf 87' lang='lat' dir='ltr'>centurionibus</span> <span class='ocrx_word' id='word_1_220' title='bbox 1072 1388 1197 1423; x_wconf 88' lang='lat' dir='ltr'>datum</span> <span class='ocrx_word' id='word_1_221' title='bbox 1232 1390 1421 1433; x_wconf 77' lang='lat' dir='ltr'>negotium</span> 
     </span>
     <span class='ocr_line' id='line_1_29' title="bbox 164 1435 1416 1481; baseline 0.001 -12"><span class='ocrx_word' id='word_1_222' title='bbox 164 1442 252 1478; x_wconf 92' lang='lat' dir='ltr'>erat,</span> <span class='ocrx_word' id='word_1_223' title='bbox 281 1441 318 1470; x_wconf 91' lang='lat' dir='ltr'>ut</span> <span class='ocrx_word' id='word_1_224' title='bbox 344 1436 421 1470; x_wconf 83' lang='lat' dir='ltr'>sine</span> <span class='ocrx_word' id='word_1_225' title='bbox 454 1447 555 1470; x_wconf 89' lang='lat' dir='ltr'>mora</span> <span class='ocrx_word' id='word_1_226' title='bbox 583 1435 736 1480; x_wconf 86' lang='lat' dir='ltr'>imperia</span> <span class='ocrx_word' id='word_1_227' title='bbox 763 1442 1040 1481; x_wconf 81' lang='lat' dir='ltr'>exequerentur.</span> <span class='ocrx_word' id='word_1_228' title='bbox 1091 1436 1185 1470; x_wconf 89' lang='lat' dir='ltr'>Tum</span> <span class='ocrx_word' id='word_1_229' title='bbox 1214 1436 1263 1469; x_wconf 84' lang='lat' dir='ltr'>ita</span> <span class='ocrx_word' id='word_1_230' title='bbox 1288 1436 1416 1471; x_wconf 88' lang='lat' dir='ltr'>Tullus</span> 
     </span>
     <span class='ocr_line' id='line_1_30' title="bbox 163 1481 1420 1528; baseline 0.001 -12"><span class='ocrx_word' id='word_1_231' title='bbox 163 1481 270 1516; x_wconf 82' lang='lat' dir='ltr'>infit.⁶</span> <span class='ocrx_word' id='word_1_232' title='bbox 331 1483 514 1527; x_wconf 82' lang='lat' dir='ltr'>‘Romani‚</span> <span class='ocrx_word' id='word_1_233' title='bbox 549 1482 578 1516; x_wconf 89' lang='lat' dir='ltr'>si</span> <span class='ocrx_word' id='word_1_234' title='bbox 612 1494 772 1528; x_wconf 87' lang='lat' dir='ltr'>unquam</span> <span class='ocrx_word' id='word_1_235' title='bbox 806 1489 891 1517; x_wconf 86' lang='lat' dir='ltr'>ante</span> <span class='ocrx_word' id='word_1_236' title='bbox 924 1483 1015 1516; x_wconf 90' lang='lat' dir='ltr'>alias</span> <span class='ocrx_word' id='word_1_237' title='bbox 1048 1483 1121 1517; x_wconf 90' lang='lat' dir='ltr'>ullo</span> <span class='ocrx_word' id='word_1_238' title='bbox 1155 1484 1190 1517; x_wconf 89' lang='lat' dir='ltr'>in</span> <span class='ocrx_word' id='word_1_239' title='bbox 1223 1483 1319 1517; x_wconf 90' lang='lat' dir='ltr'>bello</span> <span class='ocrx_word' id='word_1_240' title='bbox 1354 1483 1420 1518; x_wconf 87' lang='lat' dir='ltr'>suit</span> 
     </span>
     <span class='ocr_line' id='line_1_31' title="bbox 163 1529 1420 1575; baseline 0 -12"><span class='ocrx_word' id='word_1_241' title='bbox 163 1529 275 1574; x_wconf 92' lang='lat' dir='ltr'>quod⁷</span> <span class='ocrx_word' id='word_1_242' title='bbox 305 1530 465 1575; x_wconf 86' lang='lat' dir='ltr'>primurn</span> <span class='ocrx_word' id='word_1_243' title='bbox 499 1529 569 1563; x_wconf 93' lang='lat' dir='ltr'>diis</span> <span class='ocrx_word' id='word_1_244' title='bbox 602 1529 870 1564; x_wconf 88' lang='lat' dir='ltr'>immortalibus</span> <span class='ocrx_word' id='word_1_245' title='bbox 911 1530 1046 1574; x_wconf 80' lang='lat' dir='ltr'>gratias</span> <span class='ocrx_word' id='word_1_246' title='bbox 1085 1530 1252 1574; x_wconf 79' lang='lat' dir='ltr'>ageretis,</span> <span class='ocrx_word' id='word_1_247' title='bbox 1287 1530 1420 1564; x_wconf 83' lang='lat' dir='ltr'>deinde</span> 
     </span>
     <span class='ocr_line' id='line_1_32' title="bbox 164 1576 1420 1622; baseline 0.001 -12"><span class='ocrx_word' id='word_1_248' title='bbox 164 1582 308 1610; x_wconf 86' lang='lat' dir='ltr'>vestrae</span> <span class='ocrx_word' id='word_1_249' title='bbox 334 1577 494 1622; x_wconf 89' lang='lat' dir='ltr'>ipsorum</span> <span class='ocrx_word' id='word_1_250' title='bbox 521 1576 652 1620; x_wconf 87' lang='lat' dir='ltr'>virtuti,</span> <span class='ocrx_word' id='word_1_251' title='bbox 674 1576 884 1610; x_wconf 87' lang='lat' dir='ltr'>hesternum</span> <span class='ocrx_word' id='word_1_252' title='bbox 911 1576 944 1610; x_wconf 89' lang='lat' dir='ltr'>id</span> <span class='ocrx_word' id='word_1_253' title='bbox 972 1576 1149 1622; x_wconf 91' lang='lat' dir='ltr'>proelium</span> <span class='ocrx_word' id='word_1_254' title='bbox 1177 1576 1255 1610; x_wconf 88' lang='lat' dir='ltr'>suit.</span> <span class='ocrx_word' id='word_1_255' title='bbox 1308 1577 1420 1611; x_wconf 87' lang='lat' dir='ltr'>Dimi-</span> 
     </span>
     <span class='ocr_line' id='line_1_33' title="bbox 165 1623 1420 1668; baseline 0.002 -12"><span class='ocrx_word' id='word_1_256' title='bbox 165 1630 287 1657; x_wconf 87' lang='lat' dir='ltr'>catum</span> <span class='ocrx_word' id='word_1_257' title='bbox 314 1632 369 1656; x_wconf 87' lang='lat' dir='ltr'>est</span> <span class='ocrx_word' id='word_1_258' title='bbox 395 1623 494 1657; x_wconf 90' lang='lat' dir='ltr'>enim</span> <span class='ocrx_word' id='word_1_259' title='bbox 513 1635 583 1657; x_wconf 89' lang='lat' dir='ltr'>non</span> <span class='ocrx_word' id='word_1_260' title='bbox 609 1623 726 1667; x_wconf 72' lang='lat' dir='ltr'>magis</span> <span class='ocrx_word' id='word_1_261' title='bbox 753 1634 838 1657; x_wconf 87' lang='lat' dir='ltr'>cum</span> <span class='ocrx_word' id='word_1_262' title='bbox 865 1623 1028 1657; x_wconf 86' lang='lat' dir='ltr'>hostibus</span> <span class='ocrx_word' id='word_1_263' title='bbox 1053 1635 1173 1668; x_wconf 71' lang='lat' dir='ltr'>quam,</span> <span class='ocrx_word' id='word_1_264' title='bbox 1194 1635 1288 1668; x_wconf 87' lang='lat' dir='ltr'>quae</span> <span class='ocrx_word' id='word_1_265' title='bbox 1314 1623 1420 1658; x_wconf 91' lang='lat' dir='ltr'>dimi-</span> 
     </span>
     <span class='ocr_line' id='line_1_34' title="bbox 163 1669 1420 1717; baseline 0.002 -14"><span class='ocrx_word' id='word_1_266' title='bbox 163 1670 257 1704; x_wconf 87' lang='lat' dir='ltr'>catio</span> <span class='ocrx_word' id='word_1_267' title='bbox 283 1669 397 1715; x_wconf 88' lang='lat' dir='ltr'>major</span> <span class='ocrx_word' id='word_1_268' title='bbox 423 1675 534 1716; x_wconf 87' lang='lat' dir='ltr'>atque</span> <span class='ocrx_word' id='word_1_269' title='bbox 562 1669 794 1715; x_wconf 89' lang='lat' dir='ltr'>periculosior</span> <span class='ocrx_word' id='word_1_270' title='bbox 822 1677 888 1715; x_wconf 84' lang='lat' dir='ltr'>est,</span> <span class='ocrx_word' id='word_1_271' title='bbox 916 1682 1000 1704; x_wconf 90' lang='lat' dir='ltr'>cum</span> <span class='ocrx_word' id='word_1_272' title='bbox 1031 1671 1231 1715; x_wconf 90' lang='lat' dir='ltr'>proditione</span> <span class='ocrx_word' id='word_1_273' title='bbox 1265 1682 1308 1704; x_wconf 83' lang='lat' dir='ltr'>ac</span> <span class='ocrx_word' id='word_1_274' title='bbox 1342 1682 1420 1717; x_wconf 89' lang='lat' dir='ltr'>per-</span> 
     </span>
     <span class='ocr_line' id='line_1_35' title="bbox 162 1716 1420 1764; baseline 0.002 -14"><span class='ocrx_word' id='word_1_275' title='bbox 162 1716 250 1751; x_wconf 84' lang='lat' dir='ltr'>fidia</span> <span class='ocrx_word' id='word_1_276' title='bbox 281 1718 471 1751; x_wconf 89' lang='lat' dir='ltr'>sociorum.</span> <span class='ocrx_word' id='word_1_277' title='bbox 522 1718 629 1763; x_wconf 86' lang='lat' dir='ltr'>Nam,</span> <span class='ocrx_word' id='word_1_278' title='bbox 657 1728 703 1750; x_wconf 91' lang='lat' dir='ltr'>ne</span> <span class='ocrx_word' id='word_1_279' title='bbox 737 1728 800 1751; x_wconf 91' lang='lat' dir='ltr'>vos</span> <span class='ocrx_word' id='word_1_280' title='bbox 833 1716 926 1751; x_wconf 86' lang='lat' dir='ltr'>falsa</span> <span class='ocrx_word' id='word_1_281' title='bbox 959 1717 1078 1763; x_wconf 90' lang='lat' dir='ltr'>opinio</span> <span class='ocrx_word' id='word_1_282' title='bbox 1112 1723 1246 1763; x_wconf 90' lang='lat' dir='ltr'>teneat,</span> <span class='ocrx_word' id='word_1_283' title='bbox 1281 1717 1420 1764; x_wconf 88' lang='lat' dir='ltr'>injussu</span> 
     </span>
    </p>
   </div>
   <div class='ocr_carea' id='block_1_3' title="bbox 162 1849 1419 2330">
    <p class='ocr_par' dir='ltr' id='par_1_4' title="bbox 162 1849 1419 1930">
     <span class='ocr_line' id='line_1_36' title="bbox 203 1849 1419 1892; baseline 0.002 -10"><span class='ocrx_word' id='word_1_284' title='bbox 203 1849 314 1882; x_wconf 85' lang='lat' dir='ltr'>¹1dem</span> <span class='ocrx_word' id='word_1_285' title='bbox 330 1851 357 1882; x_wconf 84' lang='lat' dir='ltr'>is</span> <span class='ocrx_word' id='word_1_286' title='bbox 381 1851 435 1882; x_wconf 87' lang='lat' dir='ltr'>the</span> <span class='ocrx_word' id='word_1_287' title='bbox 458 1850 554 1882; x_wconf 89' lang='lat' dir='ltr'>usual</span> <span class='ocrx_word' id='word_1_288' title='bbox 577 1849 722 1890; x_wconf 86' lang='lat' dir='ltr'>reading.</span> <span class='ocrx_word' id='word_1_289' title='bbox 742 1850 902 1890; x_wconf 82' lang='lat' dir='ltr'>referring</span> <span class='ocrx_word' id='word_1_290' title='bbox 925 1857 959 1882; x_wconf 86' lang='lat' dir='ltr'>to</span> <span class='ocrx_word' id='word_1_291' title='bbox 983 1851 1038 1882; x_wconf 88' lang='lat' dir='ltr'>the</span> <span class='ocrx_word' id='word_1_292' title='bbox 1062 1851 1163 1892; x_wconf 76' lang='lat' dir='ltr'>king3</span> <span class='ocrx_word' id='word_1_293' title='bbox 1190 1854 1288 1884; x_wconf 86' lang='lat' dir='ltr'>eidem</span> <span class='ocrx_word' id='word_1_294' title='bbox 1312 1852 1339 1884; x_wconf 89' lang='lat' dir='ltr'>is</span> <span class='ocrx_word' id='word_1_295' title='bbox 1363 1853 1419 1885; x_wconf 87' lang='lat' dir='ltr'>the</span> 
     </span>
     <span class='ocr_line' id='line_1_37' title="bbox 162 1890 981 1930; baseline -0.001 -8"><span class='ocrx_word' id='word_1_296' title='bbox 162 1890 340 1922; x_wconf 80' lang='lat' dir='ltr'>herseman</span> <span class='ocrx_word' id='word_1_297' title='bbox 358 1891 432 1922; x_wconf 88' lang='lat' dir='ltr'>who</span> <span class='ocrx_word' id='word_1_298' title='bbox 448 1890 511 1922; x_wconf 83' lang='lat' dir='ltr'>had</span> <span class='ocrx_word' id='word_1_299' title='bbox 529 1891 669 1930; x_wconf 77' lang='lat' dir='ltr'>brought</span> <span class='ocrx_word' id='word_1_300' title='bbox 687 1891 742 1921; x_wconf 90' lang='lat' dir='ltr'>the</span> <span class='ocrx_word' id='word_1_301' title='bbox 760 1890 981 1922; x_wconf 85' lang='lat' dir='ltr'>information.</span> 
     </span>
    </p>

    <p class='ocr_par' dir='ltr' id='par_1_5' title="bbox 164 1930 1417 2010">
     <span class='ocr_line' id='line_1_38' title="bbox 203 1930 1417 1970; baseline 0.002 -8"><span class='ocrx_word' id='word_1_302' title='bbox 203 1931 216 1949; x_wconf 82' lang='lat'><em>²</em></span> <span class='ocrx_word' id='word_1_303' title='bbox 228 1931 303 1962; x_wconf 90' lang='lat' dir='ltr'>The</span> <span class='ocrx_word' id='word_1_304' title='bbox 320 1932 386 1970; x_wconf 88' lang='lat' dir='ltr'>city</span> <span class='ocrx_word' id='word_1_305' title='bbox 403 1930 441 1962; x_wconf 88' lang='lat' dir='ltr'>of</span> <span class='ocrx_word' id='word_1_306' title='bbox 459 1931 603 1962; x_wconf 86' lang='lat' dir='ltr'>Fidenae</span> <span class='ocrx_word' id='word_1_307' title='bbox 621 1936 688 1966; x_wconf 89' lang='lat' dir='ltr'>(see</span> <span class='ocrx_word' id='word_1_308' title='bbox 706 1931 726 1962; x_wconf 91' lang='lat' dir='ltr'>i.</span> <span class='ocrx_word' id='word_1_309' title='bbox 746 1933 794 1967; x_wconf 79' lang='lat'>14,</span> <span class='ocrx_word' id='word_1_310' title='bbox 814 1931 895 1962; x_wconf 89' lang='lat' dir='ltr'>with</span> <span class='ocrx_word' id='word_1_311' title='bbox 911 1936 1000 1967; x_wconf 89' lang='lat' dir='ltr'>note)</span> <span class='ocrx_word' id='word_1_312' title='bbox 1016 1931 1080 1963; x_wconf 89' lang='lat' dir='ltr'>had</span> <span class='ocrx_word' id='word_1_313' title='bbox 1103 1933 1299 1964; x_wconf 71' lang='lat' dir='ltr'>beenmade</span> <span class='ocrx_word' id='word_1_314' title='bbox 1316 1943 1335 1964; x_wconf 89' lang='lat' dir='ltr'>a</span> <span class='ocrx_word' id='word_1_315' title='bbox 1352 1933 1417 1965; x_wconf 85' lang='lat' dir='ltr'>Ro-</span> 
     </span>
     <span class='ocr_line' id='line_1_39' title="bbox 164 1971 629 2010; baseline -0.002 -8"><span class='ocrx_word' id='word_1_316' title='bbox 164 1975 242 2002; x_wconf 69' lang='lat' dir='ltr'>man</span> <span class='ocrx_word' id='word_1_317' title='bbox 257 1971 375 2010; x_wconf 87' lang='lat' dir='ltr'>colony</span> <span class='ocrx_word' id='word_1_318' title='bbox 392 1972 436 2009; x_wconf 92' lang='lat' dir='ltr'>by</span> <span class='ocrx_word' id='word_1_319' title='bbox 455 1971 629 2002; x_wconf 88' lang='lat' dir='ltr'>Romulus.</span> 
     </span>
    </p>

    <p class='ocr_par' dir='ltr' id='par_1_6' title="bbox 163 2010 1419 2169">
     <span class='ocr_line' id='line_1_40' title="bbox 203 2010 1419 2049; baseline 0.002 -8"><span class='ocrx_word' id='word_1_320' title='bbox 203 2012 215 2029; x_wconf 79' lang='lat'><strong>³</strong></span> <span class='ocrx_word' id='word_1_321' title='bbox 231 2010 387 2041; x_wconf 79' lang='lat' dir='ltr'>Gratulor</span> <span class='ocrx_word' id='word_1_322' title='bbox 402 2012 460 2041; x_wconf 78' lang='lat' dir='ltr'>tibi</span> <span class='ocrx_word' id='word_1_323' title='bbox 473 2012 618 2044; x_wconf 83' lang='lat' dir='ltr'>victoria.</span> <span class='ocrx_word' id='word_1_324' title='bbox 637 2012 675 2041; x_wconf 83' lang='lat' dir='ltr'>de</span> <span class='ocrx_word' id='word_1_325' title='bbox 689 2012 834 2047; x_wconf 84' lang='lat' dir='ltr'>victoria,</span> <span class='ocrx_word' id='word_1_326' title='bbox 848 2013 1025 2047; x_wconf 83' lang='lat' dir='ltr'>victoriam,</span> <span class='ocrx_word' id='word_1_327' title='bbox 1040 2023 1087 2049; x_wconf 84' lang='lat' dir='ltr'>or,</span> <span class='ocrx_word' id='word_1_328' title='bbox 1104 2012 1184 2043; x_wconf 88' lang='lat' dir='ltr'>with</span> <span class='ocrx_word' id='word_1_329' title='bbox 1202 2012 1256 2043; x_wconf 89' lang='lat' dir='ltr'>the</span> <span class='ocrx_word' id='word_1_330' title='bbox 1273 2012 1419 2044; x_wconf 86' lang='lat' dir='ltr'>addition</span> 
     </span>
     <span class='ocr_line' id='line_1_41' title="bbox 163 2049 1418 2091; baseline 0.002 -11"><span class='ocrx_word' id='word_1_331' title='bbox 163 2049 203 2081; x_wconf 90' lang='lat' dir='ltr'>of</span> <span class='ocrx_word' id='word_1_332' title='bbox 219 2061 238 2080; x_wconf 90' lang='lat' dir='ltr'>a</span> <span class='ocrx_word' id='word_1_333' title='bbox 259 2050 441 2088; x_wconf 84' lang='lat' dir='ltr'>participle,</span> <span class='ocrx_word' id='word_1_334' title='bbox 469 2052 631 2081; x_wconf 82' lang='lat' dir='ltr'>victoriam</span> <span class='ocrx_word' id='word_1_335' title='bbox 654 2057 856 2090; x_wconf 77' lang='lat' dir='ltr'>reportatam,</span> <span class='ocrx_word' id='word_1_336' title='bbox 883 2054 968 2091; x_wconf 79' lang='lat' dir='ltr'>quod</span> <span class='ocrx_word' id='word_1_337' title='bbox 990 2054 1155 2083; x_wconf 81' lang='lat' dir='ltr'>victoriam</span> <span class='ocrx_word' id='word_1_338' title='bbox 1177 2054 1361 2091; x_wconf 79' lang='lat' dir='ltr'>reportasti,</span> <span class='ocrx_word' id='word_1_339' title='bbox 1388 2059 1418 2083; x_wconf 83' lang='lat' dir='ltr'>te</span> 
     </span>
     <span class='ocr_line' id='line_1_42' title="bbox 163 2091 1413 2131; baseline 0.002 -10"><span class='ocrx_word' id='word_1_340' title='bbox 163 2091 330 2122; x_wconf 84' lang='lat' dir='ltr'>victoriam</span> <span class='ocrx_word' id='word_1_341' title='bbox 359 2097 548 2130; x_wconf 80' lang='lat' dir='ltr'>reportasse,</span> <span class='ocrx_word' id='word_1_342' title='bbox 578 2101 632 2121; x_wconf 90' lang='lat' dir='ltr'>are</span> <span class='ocrx_word' id='word_1_343' title='bbox 661 2100 888 2130; x_wconf 87' lang='lat' dir='ltr'>synonymous</span> <span class='ocrx_word' id='word_1_344' title='bbox 915 2093 1138 2131; x_wconf 80' lang='lat' dir='ltr'>expressions.</span> <span class='ocrx_word' id='word_1_345' title='bbox 1183 2092 1247 2123; x_wconf 86' lang='lat' dir='ltr'>See</span> <span class='ocrx_word' id='word_1_346' title='bbox 1278 2092 1413 2131; x_wconf 87' lang='lat' dir='ltr'>Zumpt,</span> 
     </span>
     <span class='ocr_line' id='line_1_43' title="bbox 163 2129 509 2169; baseline -0.003 -8"><span class='ocrx_word' id='word_1_347' title='bbox 163 2129 182 2164; x_wconf 51' lang='grc' dir='ltr'>ὓ</span> <span class='ocrx_word' id='word_1_348' title='bbox 199 2132 269 2164; x_wconf 81' lang='lat'>629.</span> <span class='ocrx_word' id='word_1_349' title='bbox 290 2137 378 2166; x_wconf 87' lang='lat' dir='ltr'>note,</span> <span class='ocrx_word' id='word_1_350' title='bbox 397 2131 509 2169; x_wconf 82' lang='lat' dir='ltr'>odfin.</span> 
     </span>
    </p>

    <p class='ocr_par' dir='ltr' id='par_1_7' title="bbox 203 2169 610 2209">
     <span class='ocr_line' id='line_1_44' title="bbox 203 2169 610 2209; baseline -0.002 -8"><span class='ocrx_word' id='word_1_351' title='bbox 203 2171 216 2188; x_wconf 73' lang='lat'>⁴</span> <span class='ocrx_word' id='word_1_352' title='bbox 231 2169 395 2209; x_wconf 87' lang='lat' dir='ltr'>Compare</span> <span class='ocrx_word' id='word_1_353' title='bbox 413 2170 432 2201; x_wconf 90' lang='lat' dir='ltr'>i.</span> <span class='ocrx_word' id='word_1_354' title='bbox 454 2173 502 2206; x_wconf 88' lang='lat'>17,</span> <span class='ocrx_word' id='word_1_355' title='bbox 522 2176 610 2201; x_wconf 87' lang='lat' dir='ltr'>note.</span> 
     </span>
    </p>

    <p class='ocr_par' dir='ltr' id='par_1_8' title="bbox 203 2209 1084 2250">
     <span class='ocr_line' id='line_1_45' title="bbox 203 2209 1084 2250; baseline 0.002 -10"><span class='ocrx_word' id='word_1_356' title='bbox 203 2213 216 2231; x_wconf 80' lang='lat'><strong>⁶</strong></span> <span class='ocrx_word' id='word_1_357' title='bbox 233 2213 240 2226; x_wconf 84' lang='lat'>‘</span> <span class='ocrx_word' id='word_1_358' title='bbox 253 2209 439 2250; x_wconf 85' lang='lat' dir='ltr'>Beginning</span> <span class='ocrx_word' id='word_1_359' title='bbox 454 2210 538 2241; x_wconf 89' lang='lat' dir='ltr'>srorn</span> <span class='ocrx_word' id='word_1_360' title='bbox 555 2210 650 2240; x_wconf 86' lang='lat' dir='ltr'>those</span> <span class='ocrx_word' id='word_1_361' title='bbox 666 2209 831 2242; x_wconf 86' lang='lat' dir='ltr'>stationed</span> <span class='ocrx_word' id='word_1_362' title='bbox 846 2210 986 2242; x_wconf 88' lang='lat' dir='ltr'>surthest</span> <span class='ocrx_word' id='word_1_363' title='bbox 1003 2212 1084 2243; x_wconf 89' lang='lat' dir='ltr'>out.⁷</span> 
     </span>
    </p>

    <p class='ocr_par' dir='ltr' id='par_1_9' title="bbox 203 2249 652 2290">
     <span class='ocr_line' id='line_1_46' title="bbox 203 2249 652 2290; baseline 0 -10"><span class='ocrx_word' id='word_1_364' title='bbox 203 2252 218 2270; x_wconf 77' lang='lat'><strong>⁶</strong></span> <span class='ocrx_word' id='word_1_365' title='bbox 230 2249 293 2281; x_wconf 86' lang='lat' dir='ltr'>See</span> <span class='ocrx_word' id='word_1_366' title='bbox 310 2251 328 2281; x_wconf 86' lang='lat' dir='ltr'>i.</span> <span class='ocrx_word' id='word_1_367' title='bbox 347 2253 398 2286; x_wconf 83' lang='lat'>23,</span> <span class='ocrx_word' id='word_1_368' title='bbox 418 2257 494 2281; x_wconf 85' lang='lat' dir='ltr'>note</span> <span class='ocrx_word' id='word_1_369' title='bbox 511 2261 551 2280; x_wconf 90' lang='lat' dir='ltr'>on</span> <span class='ocrx_word' id='word_1_370' title='bbox 569 2251 652 2290; x_wconf 81' lang='lat' dir='ltr'>infit.</span> 
     </span>
    </p>

    <p class='ocr_par' dir='ltr' id='par_1_10' title="bbox 202 2288 1223 2330">
     <span class='ocr_line' id='line_1_47' title="bbox 202 2288 1223 2330; baseline 0.002 -9"><span class='ocrx_word' id='word_1_371' title='bbox 202 2288 290 2321; x_wconf 79' lang='lat' dir='ltr'>&#39;Est</span> <span class='ocrx_word' id='word_1_372' title='bbox 306 2293 391 2330; x_wconf 81' lang='lat' dir='ltr'>quod</span> <span class='ocrx_word' id='word_1_373' title='bbox 405 2290 487 2322; x_wconf 86' lang='lat' dir='ltr'>with</span> <span class='ocrx_word' id='word_1_374' title='bbox 504 2290 559 2321; x_wconf 90' lang='lat' dir='ltr'>the</span> <span class='ocrx_word' id='word_1_375' title='bbox 576 2290 798 2329; x_wconf 82' lang='lat' dir='ltr'>subjunctive,</span> <span class='ocrx_word' id='word_1_376' title='bbox 822 2294 829 2308; x_wconf 88' lang='lat'>‘</span> <span class='ocrx_word' id='word_1_377' title='bbox 843 2291 935 2323; x_wconf 85' lang='lat' dir='ltr'>there</span> <span class='ocrx_word' id='word_1_378' title='bbox 952 2292 980 2323; x_wconf 83' lang='lat' dir='ltr'>is</span> <span class='ocrx_word' id='word_1_379' title='bbox 996 2301 1113 2323; x_wconf 86' lang='lat' dir='ltr'>reason</span> <span class='ocrx_word' id='word_1_380' title='bbox 1129 2290 1223 2323; x_wconf 62' lang='lat' dir='ltr'>that?</span> 
     </span>
    </p>
   </div>
  </div>
 </body>
</html>
