1523 2524
852 51 874 73 ἢ

661 111 788 140 maza
813 115 920 143 1111.
1344 118 1423 156 313

153 170 317 212 ducenta
339 174 478 227 hordei,
504 192 552 217 ne
576 193 808 224 commeatus
831 189 1004 228 deessent
1017 204 1026 239 ;
1052 201 1090 230 et
1114 203 1293 243 qnantum
1318 212 1421 248 prae-

153 224 256 258 terea
276 233 370 271 opus
391 234 502 273 esset,
528 241 601 275 quo
625 231 828 282 jussissent,
856 238 1108 278 subvectores.
1159 245 1282 281 Milite
1308 257 1420 296 atque

151 269 276 315 equite
293 272 387 308 scire
404 275 472 310 nisi
491 277 654 314 Romano
672 281 865 331 Latinique
888 289 1044 324 nominis
1069 302 1138 327 non
1165 294 1216 328 uti
1243 297 1418 342 populum

149 314 379 355 Romanum:
414 321 550 360 levium
581 338 765 365 armorum
794 333 930 368 auxilia
959 337 1070 373 etiam
1103 346 1254 376 externa
1280 344 1418 382 vidisse

148 361 188 398 in
219 367 349 402 castris
379 368 565 407 Romanis.
616 375 745 422 Itaque
775 380 920 416 misisse
946 383 1046 419 mille
1075 387 1342 432 sagittariorum
1371 405 1417 429 ac

147 407 384 462 funditorum,
419 428 542 464 aptam
578 433 729 460 manum
763 426 941 464 adversus
977 430 1149 468 Baleares
1183 447 1228 472 ac
1264 437 1416 476 Mauros

146 467 408 509 pugnacesque
424 465 516 501 alias
532 468 662 505 missili
684 472 754 507 telo
769 483 912 519 gentes.
964 480 1020 514 Ad
1041 492 1085 515 ea
1103 481 1198 518 dona
1216 487 1413 524 consilium

145 515 290 553 quoque
311 510 508 560 addebant,
528 522 567 550 ut
591 526 745 565 praetor,
765 523 823 557 cui
852 525 1039 570 provincia
1066 528 1185 565 Sicilia
1213 534 1411 583 evenisset,

145 551 305 591 classem
340 558 375 594 in
408 560 573 598 Africam
607 566 801 615 trajiceret,
837 578 876 606 ut
910 580 945 607 et
980 573 1105 611 hostes
1141 578 1174 613 in
1215 586 1310 615 terra
1346 594 1412 619 sua

144 598 286 639 bellum
303 603 491 655 haberent,
510 611 706 660 minusque
732 615 930 655 laxamenti
955 621 1104 658 daretur
1129 625 1173 659 iis
1198 627 1244 662 ad
1272 631 1411 666 auxilia

142 645 340 687 Hannibali
358 657 634 695 summittenda.
685 663 744 698 Ab
768 674 895 701 senatu
923 669 971 703 ita
999 681 1212 717 responsum
1240 677 1315 722 regi
1342 686 1408 725 est,

143 695 263 733 virum
292 699 427 738 bonum
463 706 728 755 egregiumque
761 714 902 749 socium
936 715 1134 754 Hieronem
1167 733 1261 769 esse,
1296 731 1409 772 atque

140 752 214 779 uno
248 751 373 784 tenore
406 761 453 786 ex
485 763 557 799 quo
591 755 626 790 in
664 759 864 796 amicitiam
902 764 1026 809 populi
1065 766 1216 804 Romani
1254 774 1406 821 venerit,

139 789 254 828 fidem
291 795 458 844 coluisse,
493 811 537 835 ac
569 813 647 838 rem
682 805 886 844 Romanam
920 813 1019 846 omni
1054 820 1218 862 tempore
1251 830 1294 853 ac
1329 820 1407 856 loco

139 839 315 877 munifice
342 843 544 891 adjuvisse.
595 849 635 885 Id
663 854 814 898 perinde
841 868 885 892 ac
911 857 1076 905 deberet,
1103 871 1247 907 gratum
1276 869 1407 914 populo

137 884 301 924 Romano
329 902 424 928 esse.
474 896 618 932 Aurum
644 906 680 934 et
705 912 728 935 a
753 902 968 940 civitatibus
993 909 1211 953 quibusdam
1240 913 1404 963 allatum,

136 935 255 978 gratia
271 937 324 973 rei
347 945 526 989 accepta‚¹
545 955 613 980 non
641 948 824 994 accipisse
850 953 1026 999 populum
1054 956 1271 995 Romanum.
1324 962 1405 998 Vic-

137 981 267 1019 toriam
284 996 470 1034 omenque
487 991 666 1039 accipere,
686 996 889 1044 sedemque
908 1002 942 1035 ei
970 1013 1010 1037 se
1036 1003 1143 1040 divae
1169 1007 1256 1042 dare
1281 1008 1404 1046 dicare

135 1027 367 1080 Capitolium,
402 1037 582 1084 templum
618 1041 720 1078 Jovis
757 1045 892 1091 Optimi
934 1049 1112 1086 Maximi:
1157 1055 1193 1088 in
1232 1066 1277 1090 ea
1317 1068 1403 1094 arce

134 1075 237 1112 urbis
269 1079 457 1118 Romanae
490 1094 683 1134 sacratam,
719 1092 904 1130 volentem
938 1099 1218 1148 propitiamque,
1256 1103 1400 1141 firmam

132 1133 178 1158 ac
194 1125 367 1164 stabilem
385 1129 461 1166 sore
479 1133 612 1179 populo
630 1136 804 1174 Romano.
856 1141 885 1176 F
887 1144 1071 1180 unditores
1089 1150 1339 1197 sagittariique
1364 1160 1401 1189 et

133 1170 358 1211 frumentum
382 1179 554 1216 traditum
581 1185 803 1221 consulibus.
855 1188 1147 1237 Quinqueremes
1171 1197 1217 1231 ad
1246 1201 1396 1236 navium

131 1217 303 1268 classem,
322 1234 418 1269 quae
445 1238 530 1262 cum
557 1228 597 1263 T.
627 1231 781 1268 Otacilio
810 1246 1040 1283 propraetore
1070 1242 1104 1277 in
1134 1242 1254 1280 Sicilia
1283 1254 1397 1295 erant,

130 1267 294 1314 quinque
329 1278 366 1306 et
400 1273 528 1319 viginti
562 1276 722 1325 additae,
753 1284 1047 1332 permissumque
1077 1298 1132 1325 est
1166 1299 1214 1339 ut,
1245 1294 1274 1328 si
1309 1306 1331 1330 e
1359 1307 1398 1332 re

131 1314 281 1360 publica
297 1328 465 1356 censeret
483 1333 576 1369 esse,
597 1325 633 1360 in
651 1327 818 1365 Africam
837 1332 1031 1378 trajiceret.

178 1364 234 1398 38.
270 1364 425 1403 Delectu
454 1370 617 1416 perfecto
650 1377 821 1412 consules
853 1391 990 1426 paucos
1022 1387 1150 1421 morati
1183 1387 1272 1435 dies,
1304 1389 1392 1427 dum

128 1410 217 1445 socii
245 1411 293 1447 ab
321 1415 466 1451 nomine
495 1417 625 1454 Latino
651 1424 827 1460 venirent.
879 1427 1023 1466 Milites
1053 1439 1139 1477 tum,
1170 1437 1266 1481 quod
1302 1449 1392 1474 nun·

128 1468 239 1503 quam
273 1467 382 1512 autea
411 1463 547 1501 sactum
583 1475 671 1514 erat,
705 1470 940 1518 jurejurando
973 1478 1020 1513 ab
1049 1480 1202 1517 tribunis
1230 1485 1390 1521 militum

126 1551 223 1588 Nam
249 1554 294 1590 ad
322 1568 405 1592 eam
433 1558 532 1596 diem
566 1562 657 1598 nihil
690 1575 834 1612 praeter
867 1577 1153 1610 sacramentum²
1178 1577 1318 1626 suerat;
1352 1588 1389 1617 et

127 1599 189 1635 ubi
235 1601 283 1637 ad
328 1603 556 1644 decuriatum
598 1617 661 1646 aut
705 1617 963 1654 centuriatum³
1006 1625 1274 1674 convenissent,
1321 1642 1389 1667 sua

126 1673 1378 1707 Ἤ

165 1713 175 1730 ¹
192 1715 200 1729 ‘
213 1712 360 1755 Though
377 1715 456 1756 they
472 1717 536 1750 had
559 1720 660 1753 taken
683 1723 716 1754 in
739 1723 855 1766 kindly
871 1737 941 1767 part
965 1730 1021 1762 the
1043 1733 1129 1772 good
1145 1734 1268 1778 feeling
1290 1740 1383 1773 exhi-

125 1751 214 1785 bited
230 1753 263 1785 in
279 1754 335 1786 the
351 1759 493 1789 matter.’

162 1793 176 1811 ²
188 1792 431 1829 Sacramentum
448 1798 479 1829 in
495 1801 627 1840 general
646 1802 672 1834 is
693 1807 700 1820 ¹
713 1815 731 1836 a
747 1809 975 1842 consecration
988 1812 1010 1848 ;⁷
1038 1813 1107 1845 that
1131 1815 1171 1852 is,
1190 1827 1231 1849 an
1254 1821 1381 1862 assign-

122 1840 214 1864 ment
239 1834 277 1866 of
301 1837 492 1879 something
521 1851 558 1873 as
589 1842 643 1874 the
665 1854 820 1886 property
846 1848 883 1879 of
908 1849 964 1881 the
988 1853 1093 1892 gods:
1126 1855 1229 1889 hence
1257 1860 1339 1897 also,
1365 1873 1385 1894 a

121 1871 323 1907 declaration
340 1877 410 1909 that
434 1889 453 1910 a
475 1890 594 1919 person
619 1883 693 1915 who
716 1886 795 1918 does
819 1896 873 1919 not
898 1891 1038 1928 perform
1063 1904 1082 1925 a
1103 1898 1279 1934 particular
1301 1901 1384 1942 duty

121 1912 313 1947 incumbent
329 1927 416 1956 upon
432 1919 502 1951 him
517 1921 602 1954 shall
616 1923 671 1955 fall
688 1925 756 1957 into
773 1928 828 1958 the
846 1929 949 1962 hands
966 1932 1004 1963 of
1015 1933 1070 1965 the
1087 1936 1169 1975 gods
1181 1938 1230 1970 for
1245 1942 1381 1978 punish-

121 1961 233 1992 menn
259 1955 336 1988 thus
355 1962 418 1990 ‘an
432 1960 534 1992 oath.'
581 1962 678 1999 This,
697 1966 752 1997 the
776 1970 908 2006 general
932 1972 1076 2013 military
1091 1977 1182 2013 oa:h‚
1208 1982 1382 2015 contained

120 1992 200 2033 only
215 2004 234 2025 a
248 1997 393 2034 promise
408 1998 447 2030 of
462 1999 600 2040 implicit
614 2004 805 2038 obedience.
852 2009 990 2043 Besides
1015 2015 1131 2056 taking
1155 2018 1191 2050 it.
1211 2019 1378 2059 however.

120 2033 176 2064 the
192 2034 344 2073 soldiers,
364 2048 400 2070 as
416 2049 476 2071 our
491 2041 609 2074 author
625 2044 700 2076 tells
723 2057 762 2078 us
785 2047 876 2086 here,
902 2051 965 2083 had
990 2054 1074 2085 been
1097 2056 1129 2087 in
1153 2058 1209 2090 tbe
1232 2059 1324 2093 habit
1339 2063 1378 2095 of

119 2074 286 2119 swearing
300 2086 422 2118 among
443 2079 647 2127 themselves
672 2092 704 2116 to
726 2087 868 2125 perform
891 2093 1015 2124 certain
1038 2097 1160 2133 special
1183 2098 1303 2132 clunes.
1349 2102 1380 2134 It

118 2192 271 2234 formally
287 2195 367 2228 than
382 2197 505 2231 before.

157 2235 170 2253 ⁸
180 2233 378 2269 Daeuriatus
389 2238 454 2271 and
463 2244 678 2281 centuriatus,
693 2247 920 2282 substantives
933 2252 971 2283 of
981 2253 1037 2285 the
1050 2254 1159 2288 fourth
1172 2258 1375 2301 declension,

116 2283 256 2313 express
271 2275 328 2308 the
338 2278 447 2311 action
459 2279 497 2312 of
507 2281 593 2314 their
603 2287 787 2324 respective
801 2291 899 2322 verbs
911 2293 1078 2326 dermiare
1088 2297 1151 2328 and
1165 2302 1350 2334 centurion-e
1358 2315 1371 2341 ;

119 2313 189 2346 that
213 2314 254 2353 is,
279 2315 336 2349 the
358 2317 502 2353 division
522 2322 561 2354 of
581 2323 637 2356 the
659 2326 793 2367 cavalry
809 2329 878 2362 into
900 2331 1063 2371 decurics,
1088 2336 1127 2368 of
1148 2338 1256 2372 which
1282 2341 1376 2376 three
