1539 2508
133 83 186 119 94
679 91 716 116 τ.
738 90 852 117 mvn.

132 167 374 204 imitationem
410 166 594 211 stultitiae,
629 176 713 200 cum
757 177 796 200 se
838 175 978 211 suaque
1011 162 1172 210 praedae
1204 173 1288 198 esse
1321 162 1398 208 regi

131 216 277 261 sineret,
308 216 405 250 Bruti
441 226 586 260 quoque
622 212 717 248 haud
752 213 878 248 abnuit
911 223 1126 257 cognomen,
1155 218 1193 245 ut
1222 210 1292 246 sub
1319 209 1401 256 ejus

131 263 283 298 obtentu
323 263 549 307 cognominis
591 261 761 296 liberator
796 261 856 295 ille
891 260 1012 306 populi
1048 259 1199 294 Romani
1241 258 1400 293 animus·

131 310 251 346 latens
291 311 515 356 opperiretur
557 316 719 355 tempora
761 320 838 342 sua.
907 308 941 343 Is
983 314 1059 341 turn
1103 306 1150 341 ab
1191 305 1402 352 Tarquiniis

132 358 265 392 ductus
295 358 462 403 Delphos,
484 357 680 391 ludibrium
711 356 832 390 verius
857 367 969 402 quam
994 366 1130 400 comes,
1158 365 1311 388 aureum
1341 353 1401 388 ba·

131 406 255 440 culum
289 406 467 439 inclusum
503 416 633 438 corneo
667 411 796 448 cavato
822 404 867 437 ad
896 403 929 437 id
959 402 1086 437 baculo
1115 402 1238 436 tulisse
1264 401 1401 435 dunum

131 453 291 499 Apollini
327 452 470 495 dicitur,
508 464 570 498 per
603 451 781 497 ambages
815 450 979 494 effigiem
1015 449 1151 494 ingenii
1187 449 1255 483 sui.
1322 447 1402 487 Quo

132 510 323 547 postquam
362 508 513 535 ventum
548 507 614 545 est,
645 499 817 546 perfectis
842 498 956 544 patris
983 496 1166 532 mandatis
1191 495 1324 543 cupido
1352 507 1402 529 in-

131 549 242 583 cessit
277 548 421 582 animos
445 548 621 593 juvenum
646 546 865 589 sciscitandi,
893 545 939 579 ad
965 556 1074 591 quem
1099 556 1224 579 eorum
1251 554 1402 589 regnum

130 596 335 631 Romanum
366 604 463 630 esset
494 603 701 630 venturum.
758 595 811 629 Ex
846 593 970 627 infimo
1005 603 1118 638 specu
1157 603 1285 626 vocem
1323 590 1401 625 red-

131 644 246 678 ditam
276 643 392 677 serunt
423 643 642 689 ‘Imperium
672 653 858 676 summum
890 641 1024 675 Romae
1053 639 1214 685 babebit,
1233 639 1295 685 qni
1323 649 1402 672 ves·

132 698 227 726 trum
256 691 404 737 primm,
427 692 457 726 O
483 691 647 736 juvenes,
676 692 841 724 osculnm
869 688 974 723 matri
1002 687 1148 722 tulerit.⁷
1200 686 1401 733 Tarquinii,

131 747 169 773 ut
203 738 346 783 Sextus,
374 740 434 785 qui
470 739 606 774 Rornae
638 738 786 773 relictus
815 737 943 780 suerat,
972 736 1119 780 ignarus
1152 746 1314 781 responsi
1342 745 1404 769 ex·

132 797 290 840 persque
322 788 462 833 imperii
491 794 599 831 esset,
631 798 707 820 rem
737 796 882 819 summa
910 795 979 829 ope
1010 784 1120 817 taceri
1147 783 1300 830 jubent;
1336 783 1403 829 ipsi

132 842 226 869 mter
254 846 304 879 se,
333 841 412 869 uter
439 835 544 881 prior,
573 846 657 869 curn
690 834 839 869 Romam
872 834 1063 876 redissent,
1094 831 1199 866 matri
1233 831 1403 866 osculum

133 881 248 926 daret,
268 884 352 917 sorti
373 883 598 928 permittunt.
652 882 782 916 Brutus
799 880 870 914 alio
890 886 989 913 ratus
1014 887 1182 925 spectare
1210 878 1404 925 Pythicam

133 941 274 975 vocem,
304 930 401 964 velut
429 931 456 965 si
485 930 671 976 prolapsus
697 928 903 971 cecidisset,
932 934 1067 961 terram
1093 926 1216 962 osculo
1241 927 1401 972 contigit,

133 977 276 1012 scilicet
302 978 396 1024 quod
426 989 470 1011 ea
497 978 704 1012 communis
731 983 847 1010 mater
865 975 1027 1009 omniurn
1057 974 1263 1010 mortalium
1291 981 1402 1009 esset.

134 1025 305 1061 Reditum
335 1026 417 1060 inde
445 1024 692 1070 R‹›1nam,ubi
719 1024 896 1058 adversus
913 1022 1066 1057 Rutulos
1093 1022 1229 1058 bellum
1257 1033 1405 1057 summa

134 1073 168 1107 vi
189 1073 393 1119 parabatur.

182 1124 239 1155 57.
268 1120 427 1155 Ardeam
448 1119 573 1154 Rutuli
593 1119 805 1160 habebant?
821 1129 923 1163 gens,
945 1124 982 1152 ut
1002 1118 1036 1152 in
1056 1128 1101 1152 ea
1120 1117 1267 1162 regione
1292 1114 1404 1163 atque

136 1168 170 1203 in
207 1180 251 1202 ea
280 1168 429 1210 aetate?
457 1168 596 1202 divitiis
625 1167 864 1213 praepollens.
918 1165 1045 1211 anue
1073 1165 1152 1211 ipsa
1179 1176 1291 1199 causa
1317 1163 1404 1199 belli

134 1215 213 1261 fuit,
241 1215 338 1261 quod
369 1227 430 1250 rex
456 1216 642 1250 Romanus
670 1226 756 1249 curn
786 1215 863 1259 ipse
890 1213 1008 1258 ditari,
1036 1213 1238 1248 exhaustus
1266 1212 1404 1257 magni·

134 1264 281 1298 ficentia
324 1263 554 1309 publicorum
596 1274 758 1308 operum,
797 1269 872 1296 tum
918 1261 1052 1306 praeda
1093 1260 1258 1295 delenire
1291 1270 1404 1307 popu-

134 1310 267 1346 larium
295 1311 438 1345 animos
464 1310 645 1353 studebat,
676 1316 818 1361 praeter
842 1308 953 1343 aliam
981 1308 1188 1354 superbiam
1219 1318 1327 1353 regno
1354 1307 1405 1341 in·

135 1358 248 1393 festos
274 1359 397 1401 etiam,
418 1358 513 1403 quod
542 1370 581 1392 se
610 1358 644 1392 in
673 1357 856 1392 labrorum
883 1356 1083 1391 ministerio
1107 1366 1152 1390 ac
1179 1355 1300 1394 servili
1329 1361 1404 1389 tam

135 1406 196 1440 diu
217 1406 361 1440 habitos
379 1417 488 1451 opere
507 1406 553 1440 ab
574 1416 657 1450 rege
686 1405 976 1450 indignabantur.
1028 1403 1226 1449 Temptata
1253 1413 1310 1437 res
1334 1408 1402 1447 est,

136 1454 180 1488 si⁴
213 1455 329 1500 primo
364 1454 504 1499 inipetu
538 1454 619 1498 capi
655 1454 778 1487 Ardea
813 1458 956 1498 posset:
996 1450 1059 1486 ubi
1095 1450 1130 1485 id
1162 1461 1293 1496 parum
1326 1461 1404 1496 pro-

135 1502 256 1546 cessit,
289 1501 479 1535 obsidione
510 1500 851 1545 munitionibusque
881 1500 999 1545 coepti
1031 1498 1146 1545 premi
1176 1499 1311 1533 hostes.
1365 1497 1405 1532 In

135 1549 179 1583 iis
208 1549 360 1593 stativis,
388 1555 426 1582 ut
455 1548 493 1583 fit
523 1549 627 1593 longo
657 1548 776 1593 magis
804 1559 915 1593 quarn
945 1547 1018 1582 acri
1049 1545 1157 1591 bello,
1183 1547 1272 1581 satis
1299 1544 1406 1580 liberi

135 1598 380 1631 commeatu>⁵
405 1603 516 1639 erant,
538 1596 753 1641 prirnoribus
780 1602 902 1629 tamen
931 1595 1049 1640 magis
1073 1605 1183 1640 quam
1213 1593 1403 1629 militibus..

134 1644 237 1689 Regii
273 1643 424 1690 quidem
458 1644 613 1689 juvenes
647 1642 828 1678 interdum
864 1643 976 1677 otiurn
1011 1641 1190 1676 conviviis
1231 1643 1405 1676 comissa-

135 1692 383 1737 tionibnsque⁶
417 1692 511 1726 inter
539 1703 579 1725 se
609 1691 788 1726 terebant.
841 1690 947 1725 Forte
977 1689 1186 1736 potantibus
1220 1688 1275 1723 his
1305 1687 1404 1734 apud

136 1739 217 1774 Sex.
253 1739 503 1785 Tarquinium,
540 1739 603 1774 ubi
646 1745 682 1773 et
721 1738 921 1773 Collatinus
961 1737 1140 1771 coenabat
1174 1736 1403 1782 TarquiniuS,

176 1869 187 1886 ¹
203 1866 373 1898 Liberator
387 1868 515 1898 animus
533 1866 581 1897 sor
596 1868 725 1897 animus
739 1867 935 1896 liberaturus
1013 1866 1101 1895 ulum
1116 1863 1306 1899 Romanum.
1323 1864 1405 1898 with

137 1919 156 1939 a
171 1907 356 1938 somewhat
375 1907 440 1938 free
466 1918 523 1938 use
547 1907 585 1937 os
603 1906 657 1937 the
682 1906 901 1937 substantive.
947 1876 1065 1936 fripthe
1088 1915 1180 1937 same
1201 1916 1338 1937 manner
1354 1916 1405 1938 we

137 1948 242 2019 miaglgt
261 1947 392 2019 useAlig
410 1947 685 2018 {eiiiinine.2mens
702 1947 878 1978 liberatrix.
924 1945 987 1992 See
1008 1945 1118 1977 Gram.
1135 1946 1154 1980 ς*
1169 1949 1221 1983 88,
1241 1955 1318 1978 note
1334 1949 1363 1979 3.

204 1996 305 2019 ‘SIO
358 1997 605 2022 sea‚Seel.*.

177 2031 190 2049 ³
206 2028 395 2068 According
412 2036 444 2058 to
460 2027 613 2066 ordinary
625 2037 739 2067 usage,
756 2027 812 2058 the
827 2037 916 2058 mere
933 2026 1078 2058 ablativa
1095 2026 1205 2059 would
1222 2027 1307 2058 have
1320 2028 1406 2059 been

137 2069 317 2105 sufficient,
338 2070 393 2100 but
413 2069 447 2099 in
466 2069 522 2099 illa
535 2074 640 2099 aetate
656 2068 682 2099 is
699 2067 798 2099 found
815 2067 885 2099 also
901 2068 934 2099 in
950 2067 970 2098 i.
989 2069 1038 2099 18.
1083 2067 1249 2107 Compare
1265 2067 1402 2107 Zumpt,

139 2109 157 2144 S
172 2113 246 2142 475.
267 2117 356 2143 note.
374 2109 489 2149 odfin.

179 2153 192 2171 ⁴
207 2149 248 2181 Si
263 2150 311 2181 for
326 2161 416 2185 num,
439 2155 446 2165 ⁸
461 2149 637 2185 whether,’
657 2159 773 2180 occurs
789 2156 846 2180 not
862 2147 1107 2188 unsrequently.

178 2192 191 2210 ⁵
208 2195 216 2207 ‘
231 2190 341 2222 Leave
357 2189 394 2221 os
412 2190 578 2220 absence.’

178 2231 191 2249 ⁰
207 2231 416 2263 commissori
431 2229 525 2265 (from
542 2230 597 2261 the
616 2229 728 2261 Greek
741 2234 842 2270 κῶμος)
857 2230 886 2261 is
901 2236 936 2261 to
951 2239 994 2270 go
1011 2229 1111 2261 about
1124 2228 1350 2269 (particularly
1359 2229 1405 2269 by

138 2271 246 2311 night)
270 2272 354 2303 from
373 2281 436 2302 one
459 2270 563 2302 house
587 2278 621 2301 to
644 2270 795 2307 another,
814 2270 879 2302 and
898 2269 1090 2309 constantty
1112 2270 1213 2310 begin
1233 2270 1291 2303 the
1311 2268 1405 2302 revel

138 2321 246 2344 anew.
