1539 2508
130 98 211 135 208
677 112 714 139 τ.
746 112 858 139 ι.ινιι.

128 184 325 222 moenibus
342 191 457 221 erant.
509 186 613 222 Justa
630 198 777 234 quoque
803 188 887 224 acie
914 195 951 225 et
977 190 1122 226 collatis
1147 192 1276 239 tiignia¹
1293 191 1402 230 dimi·

129 240 257 269 catum
318 234 442 269 uidam
485 242 654 270 auctores
697 243 791 271 sunt.
863 237 987 273 Primo
1021 250 1201 276 concursu
1237 240 1403 279 Poenum

129 291 247 328 usque
264 293 298 316 a(
331 290 451 317 castra
471 282 605 328 susum,
628 283 712 318 iude
736 285 927 331 eruptione
957 284 1054 321 facta
1082 294 1233 336 repente
1251 300 1403 327 vertum

129 335 304 365 terrorem
325 331 360 365 in
382 331 584 375 ltoma110s;
614 331 723 367 Num.
748 333 905 368 Decimii
924 332 1102 371 Samnitis
1126 335 1264 373 deinde
1292 337 1403 373 inter-

129 384 241 413 ventu
277 377 456 424 proelium
495 381 717 415 restitutum.
786 380 895 416 Hunc
930 382 1135 429 principem
1177 395 1316 431 genere
1357 397 1404 421 ac

127 424 269 460 divitiis
303 438 370 460 non
409 426 561 461 Boviani
597 427 715 474 modo,
753 429 851 462 unde
887 436 976 470 erat,
1010 430 1076 466 aed
1111 438 1185 468 toto
1226 433 1404 479 Samnio?

131 472 235 519 jussu
263 473 451 509 dictatoris
479 482 560 510 octo
596 476 698 511 milia
729 476 895 523 peditum
927 483 964 512 et
994 479 1139 525 equites
1194 480 1404 527 ningentoe¹

126 520 327 557 (lucentem
359 522 392 557 in
422 529 553 568 castra,
581 523 629 558 ab
664 531 766 569 tergo
800 536 886 560 cuin
921 527 1153 572 apparuisset
1222 528 1401 577 annibali,

126 582 144 602 s
171 569 291 605 eciem
311 570 402 617 parti
423 572 568 618 utrique
587 572 803 618 praebuisse
824 574 906 608 novi
953 575 1098 610 raesidii
1117 587 1204 612 cum
1221 576 1267 616 Q.
1287 576 1403 614 Fabio

125 581 173 652 ab
192 617 306 653 Roma
326 620 520 654 venientis.
574 619 819 656 Hannibalem
844 585 1059 659 insalsarum
1087 635 1233 672 quoque
1259 624 1402 673 aliquid

127 665 320 702 timentem
358 668 542 714 recepisse
577 680 683 713 suos:
715 669 923 705 Romanum
960 670 1166 707 insecutum
1201 673 1402 721 adjuvante

126 713 291 749 Samnite
310 715 381 750 duo
400 715 555 750 castella
574 728 617 750 eo
636 716 696 751 die
715 728 960 764 expugnasse.
1014 718 1084 755 Sex
1113 719 1218 756 milia
1240 720 1402 758 hostium

124 772 246 808 caesa,
281 764 445 810 quinque
487 764 706 800 admodum·
748 766 1008 801 Rornanorum.
1074 767 1219 806 Tamen
1253 769 1289 806 in
1324 775 1402 806 tam

151 810 206 846 ari
233 822 345 858 prope
372 812 480 847 clade
508 812 647 848 samam
675 814 845 859 egregiae
873 815 1047 850 victoriae
1074 827 1162 852 cum
1188 817 1403 854 vanioribus

124 821 256 893 litteris
274 860 436 904 magistri
456 861 625 906 equitum
646 861 801 896 Romam
821 862 1015 909 perlatam.

174 909 232 941 25.
254 906 308 942 De
328 906 384 942 his
404 907 514 942 rebus
532 919 710 955 persaepe
729 916 765 944 et
786 910 819 944 in
840 917 967 945 senatu
983 917 1019 946 et
1040 911 1075 946 in
1090 912 1259 949 contione
1271 919 1401 951 actum

123 960 191 989 est.
242 955 335 990 Cum
359 955 456 990 laeta
483 956 632 991 civitate
659 957 816 992 dictator
842 969 937 993 unus
962 958 1052 994 nibil
1081 971 1150 995 nec
1177 960 1300 997 famae
1327 972 1400 998 nec

123 1000 254 1038 litteris
286 1002 478 1049 crederet;
509 1010 546 1039 ut
578 1016 664 1039 vera
693 1007 820 1040 omnia
853 1013 988 1051 essent,
1021 1008 1185 1043 secunda
1211 1020 1252 1044 se
1279 1010 1400 1056 magis

122 1061 234 1096 quam
269 1050 426 1086 adversa
461 1052 592 1087 timere
626 1052 790 1099 diceret;
830 1061 908 1090 tum
944 1054 999 1090 M.
1035 1055 1202 1092 Metilius
1234 1057 1400 1094 tribunus

122 1098 244 1144 plebis
262 1098 295 1133 id
316 1100 431 1134 enim⁵
449 1099 643 1136 serendum
658 1113 741 1136 esse
756 1109 879 1147 negat.
932 1102 1013 1138 Non
1055 1111 1262 1141 raesentem
1277 1104 1399 1142 sotum

121 1145 338 1182 dictatorem
358 1147 545 1183 obstitisse
566 1150 615 1183 rei
637 1149 732 1184 bene
750 1151 950 1196 gerendae,
971 1162 1011 1185 se
1055 1150 1252 1189 absentem
1278 1154 1394 1190 etiam

120 1201 248 1240 gestae
275 1194 421 1231 obstare
436 1196 458 1240 3⁶
485 1203 520 1230 et
550 1197 584 1231 in
613 1196 783 1232 ducendo
811 1198 907 1233 bello
934 1198 1066 1234 sedulo
1092 1205 1241 1248 ternpus
1266 1208 1398 1249 terere,

120 1253 193 1289 quo
210 1242 350 1278 diutius
369 1245 402 1279 in
423 1244 638 1290 magistratu
666 1246 712 1280 sit
738 1246 912 1294 solusque
938 1253 975 1281 et
1002 1247 1143 1283 Romae
1169 1255 1205 1284 et
1232 1249 1268 1285 in
1294 1261 1398 1286 exer-

121 1290 196 1326 citu
227 1291 423 1338 imperium
454 1292 602 1327 habeat.
654 1293 801 1347 Quippe
835 1294 1027 1331 consulum
1064 1295 1224 1333 alterum
1250 1297 1288 1334 in
1312 1297 1397 1334 acie

119 1339 313 1385 cecidisse,
329 1340 486 1376 alterum
506 1341 633 1387 specie
651 1341 782 1377 classis
802 1342 961 1378 Punicae
978 1344 1259 1391 persequendae
1272 1345 1399 1394 procul

119 1386 168 1422 ab
187 1387 292 1423 Italia
311 1387 554 1434 ablegatum.⁷
606 1389 705 1424 Duos
725 1397 913 1436 praetores
938 1391 1063 1427 Sicilia
1087 1398 1201 1439 atque
1226 1393 1398 1430 Sardinia

119 1442 328 1482 occupatos,
357 1448 513 1482 quarum
549 1445 678 1472 neutra
712 1437 782 1473 hoc
816 1445 983 1486 tempore
1016 1440 1203 1487 provincia
1227 1449 1397 1489 praetore

118 1490 239 1529 egeat.
282 1484 336 1519 M.
351 1484 557 1520 Minucium
578 1487 796 1532 magistrum
815 1488 995 1534 equitum,
1011 1499 1058 1523 ne
1076 1487 1223 1525 hostem
1241 1488 1395 1536 videret,

118 1542 166 1567 ne
191 1532 276 1578 quid
305 1532 357 1568 rei
391 1532 553 1568 bellicae
578 1541 733 1581 gereret,
762 1546 875 1582 prope
901 1536 937 1571 in
964 1536 1188 1573 custodiam⁸
1210 1536 1396 1574 habitum.

118 1579 246 1627 Itaque
264 1579 414 1616 hercule
433 1593 502 1617 non
522 1582 716 1618 Samnium
743 1582 862 1630 modo,
881 1595 952 1630 quo
976 1583 1052 1630 jam
1080 1590 1272 1633 tamquam
1296 1592 1397 1622 trans

160 1701 169 1719 ¹
185 1700 243 1732 An
269 1701 464 1746 expression
492 1701 745 1748 equivalentvto
772 1702 825 1734 ‘in
849 1702 909 1734 full
939 1702 1005 1735 line
1031 1702 1070 1735 os
1086 1703 1230 1750 battlej’
1255 1703 1307 1737 sor
1331 1704 1392 1738 tho

119 1742 324 1814 signags'ere
345 1742 470 1814 garried
495 1753 527 1774 m
552 1743 836 1816 thehmlairiubogy
852 1743 891 1790 ot*
905 1743 965 1816 lt²he
989 1754 1097 1785 army.
1115 1751 1174 1777 not
1197 1755 1232 1778 m
1253 1746 1311 1778 the
1334 1745 1392 1779 ad·

121 1792 223 1814 vauce
262 1792 345 1822 guar
373 1807 379 1818 .
398 1794 435 1814 or
450 1794 573 1824 among
590 1793 599 1815 ι
629 1795 646 1815 e
678 1795 709 1824 ig
764 1795 780 1816 s
810 1795 902 1816 irrnis
928 1795 994 1817 ers.

160 1824 173 1842 ²
189 1826 197 1840 ⁸
213 1822 253 1854 In
269 1823 312 1855 all
330 1824 528 1856 Samnium.‘
577 1825 642 1856 See
663 1825 774 1856 Gmm.
793 1825 810 1859 ὑ
827 1828 901 1862 307,
920 1828 950 1858 2.

161 1864 173 1882 ³
187 1862 302 1895 These
320 1875 408 1896 were
425 1867 504 1897 socii
520 1865 642 1901 Italici.
662 1865 769 1898 called
786 1874 843 1898 out
861 1877 898 1898 as
915 1866 1120 1899 auxiliaries.

161 1905 173 1923 ⁴
187 1903 242 1936 'ro
253 1906 397 1946 quinque
409 1916 469 1937 can
483 1917 563 1946 very
576 1907 682 1947 easily
696 1906 761 1939 and
773 1907 941 1948 naturally
954 1908 995 1939 be
1008 1907 1163 1948 supplied
1174 1909 1276 1942 milia.
1320 1910 1378 1942 Ad

121 1947 260 1983 modum,
283 1949 291 1962 ⁴
304 1947 432 1981 about.’
447 1962 479 1975 =
497 1949 636 1980 circiter.

161 1988 174 2006 ⁶
189 1989 197 2003 ¹
210 1985 298 2026 Says
321 1986 391 2018 that
409 1987 476 2018 this
493 1988 520 2019 is
539 1990 644 2030 really
657 1996 712 2021 not
731 1996 765 2020 to
781 1990 822 2021 be
839 1989 966 2021 borne.'
1012 1988 1117 2022 Enim
1138 1989 1166 2022 ie
1189 1989 1274 2024 used
1295 1989 1389 2029 here.

121 2036 158 2059 us
181 2026 380 2064 elsewhere,
405 2029 575 2065 enimvero,
603 2038 637 2060 to
663 2030 863 2070 strengthen
889 2040 931 2062 an
958 2030 1134 2063 assertion.
1178 2030 1266 2064 This
1292 2042 1392 2065 sense

121 2067 307 2108 originated
323 2068 357 2099 in
373 2078 414 2099 an
431 2068 578 2108 ellipsis;
605 2081 654 2105 as,
674 2071 724 2102 sor
740 2071 903 2108 instance,
922 2071 1057 2103 here—⁶
1073 2071 1123 2103 M.
1141 2071 1295 2105 Metilius
1317 2072 1393 2106 said

121 2107 193 2140 that
209 2108 251 2140 he
269 2116 380 2140 meant
399 2116 432 2140 to
447 2109 554 2148 speak
569 2111 699 2151 against
717 2112 773 2144 the
789 2111 943 2150 dictator,
958 2111 1025 2144 and
1042 2112 1113 2145 that
1129 2112 1172 2145 he
1187 2112 1253 2145 had
1263 2113 1391 2154 justice

121 2158 164 2180 on
180 2148 232 2180 his
248 2149 341 2187 side;
366 2149 442 2186 for,’
464 2150 530 2181 διε.

160 2191 173 2209 ⁶
186 2189 238 2229 By
254 2190 483 2231 depreciating
499 2190 555 2222 the
571 2191 671 2224 value
688 2192 725 2224 of
743 2193 800 2225 the
817 2194 959 2234 victory.

160 2230 173 2247 ⁷
186 2229 262 2262 The
278 2231 421 2272 sending
436 2242 532 2271 away
549 2231 588 2263 of
605 2232 661 2264 the
679 2234 796 2266 consul
812 2234 873 2266 has
889 2235 977 2267 been
992 2233 1187 2268 mentioned
1202 2233 1237 2281 ip
1250 2233 1392 2282 chapter

122 2271 174 2305 11,
198 2271 264 2303 and
285 2271 338 2303 his
360 2272 595 2304 unsuccessful
617 2273 756 2306 descent
781 2285 869 2315 upon
894 2275 952 2308 the
976 2282 1070 2308 coast
1092 2275 1132 2308 os
1147 2274 1267 2308 Afrum
1282 2285 1313 2309 ts
1329 2274 1388 2309 de-

121 2311 253 2343 acribed
269 2312 301 2344 in
317 2312 456 2352 chapter
471 2315 520 2346 31.

160 2350 174 2369 θ
188 2349 349 2393 Properly
366 2354 402 2386 in
415 2355 562 2386 custodia
574 2365 588 2392 ;
615 2355 675 2387 but
692 2365 750 2387 see
769 2355 881 2389 Grani.
898 2356 917 2390 ὃ
932 2358 1006 2395 310,
1025 2363 1116 2390 note.
