1523 2524
667 144 794 171 tinen
824 143 930 169 xxii.
1357 128 1437 167 317

154 223 235 260 des.
283 222 419 260 Omnia
436 233 508 258 non
535 219 742 268 properanti
769 217 868 253 clara
892 224 1068 263 certaque
1094 222 1223 251 erunt:
1253 214 1438 251 festinatio

155 269 366 320 improvida
383 277 439 310 est
458 277 495 304 et
513 268 653 304 caeca.⁷

204 322 263 355 40.
290 318 481 356 Adversus
498 329 543 351 ea
560 315 674 350 oratio
692 313 856 349 consulis
874 311 972 348 haud
992 323 1082 347 sane
1101 310 1199 346 laeta
1218 309 1298 356 suit,
1317 310 1438 356 magis

156 365 309 402 fatentis
324 377 380 412 ea,
400 377 496 412 quae
514 363 682 409 diceret,¹
703 372 789 396 vera
834 372 921 395 uam
941 360 1063 394 facilia
1082 359 1180 394 sactu
1206 369 1302 393 esse.
1356 358 1438 393 Dic·

157 414 263 450 tatori
297 414 511 460 magistrum
542 411 710 457 equitum
746 411 819 443 into
836 407 1031 443 erabilem²
1058 406 1196 442 fuisse:
1231 405 1318 452 quid
1352 416 1438 440 con·

156 461 228 498 suli
261 461 443 497 adversus
475 458 657 505 collegam
692 457 913 492 seditiosum
946 467 990 490 ac
1025 453 1267 490 temerarium
1305 453 1438 488 virium

154 515 267 558 atque
309 508 537 545 auctoritatis
581 505 684 541 sore⁴.t
750 504 796 540 Se
842 503 1015 550 populare
1061 501 1275 538 incendium
1319 501 1438 548 priore

153 557 345 594 consulatu
372 555 610 592 semiustum⁸
637 553 836 598 effugisse:
872 558 998 598 optare
1032 557 1071 586 ut
1105 550 1230 585 omnia
1261 559 1437 602 prospere

153 606 372 651 evenirent;
399 610 437 639 at
455 604 484 639 si
503 602 593 650 quid
610 601 757 637 adversi
776 599 938 645 caderet,
960 598 1119 634 hostium
1139 608 1178 633 se
1205 596 1291 632 tells
1315 596 1438 644 potius

151 665 267 701 quam
286 652 472 698 suffragiis
490 652 666 687 iratorum
684 649 824 684 civium
842 655 953 694 caput
971 646 1216 694 objecturum.

202 702 263 738 Ab
286 699 358 737 hoe
384 698 553 736 sermone
580 697 789 745 profectum
819 695 991 731 Paullum
1023 694 1182 739 tradunt,
1214 702 1277 740 pro
1347 702 1435 726 uen-

153 749 255 786 tibus
288 747 509 796 primoribus
538 746 709 782 Patrum:
747 744 938 791 plebeium
973 742 1164 778 consulem
1205 752 1272 775 sua
1305 738 1438 786 pebes

152 802 361 845 prosecuta,
388 795 496 832 turba
522 793 761 841 conspectior,
790 804 878 828 cum
904 791 1103 837 dignitates
1137 789 1338 824 deessent.⁴
1388 787 1438 823 Ut

155 846 193 882 in
212 850 335 881 castra
353 851 544 890 venerunt,
564 841 746 889 permixto
768 851 860 875 novo
887 839 1055 874 exercitu
1080 849 1125 872 ac
1152 843 1290 881 vetere,
1309 834 1439 870 <nstris

154 893 343 930 bifariam⁶
360 891 478 937 sactis,
497 897 537 926 ut
560 901 655 925 nova
682 889 824 924 minora
849 894 975 922 essent
1001 886 1149 933 propius
1175 882 1436 929 Hannibalern,

154 941 194 978 in
226 939 417 976 veteribus
446 938 563 986 major
591 949 674 985 pars
703 943 740 972 et
769 947 880 971 omne
917 935 1023 970 robur
1052 934 1186 968 virium
1212 938 1321 976 esset⁷
1352 941 1436 966 con-

153 987 279 1026 sulum
295 988 381 1025 anni
399 987 528 1035 prioris
552 985 607 1022 M.
627 985 787 1021 Atilium
813 990 977 1019 aetatem
1005 979 1263 1017 excusantem⁸
1279 979 1437 1014 Romam

155 1037 349 1084 miserunt,
377 1035 580 1072 Geminum
610 1033 808 1069 Servilium
845 1032 879 1066 in
916 1029 1119 1066 minoribus
1145 1028 1276 1063 castris
1302 1026 1437 1071 legioni

153 1085 346 1122 Romanae
379 1089 418 1119 et
452 1083 592 1118 socium
675 1080 794 1115 ditum
831 1079 1074 1125 equitumque
1109 1075 1253 1111 duobus
1285 1073 1437 1110 milibus

182 1132 385 1169 aeficium.
453 1092 673 1166 Hanniba}>e
684 1138 913 1174 quamquam
958 1132 1061 1172 parte
1107 1122 1262 1158 dimidia
1307 1127 1438 1158 auctas

184 1181 319 1216 ostium
356 1179 481 1225 copias
517 1175 704 1221 cernebat,
739 1181 865 1210 tamen
901 1173 1064 1208 adventu
1108 1170 1302 1206 consulum
1345 1169 1438 1205 mire

154 1227 332 1276 gaudere.
383 1227 465 1262 Non
496 1225 617 1260 solum
651 1224 752 1258 enim
780 1221 870 1257 nihil
904 1233 951 1256 ex
986 1219 1100 1267 raptis
1133 1219 1168 1254 in
1202 1218 1305 1253 diem
1337 1228 1438 1253 com-

155 1275 345 1312 meatibus
360 1272 586 1321 superabat‚⁷
604 1270 671 1306 sed
689 1282 735 1306 ne
761 1270 858 1305 unde
885 1275 1030 1316 raperet
1055 1267 1208 1314 quidem
1235 1266 1438 1312 quicquam

157 1323 289 1371 reliqui
315 1328 404 1368 erat,
431 1320 534 1356 omni
561 1319 725 1365 undique
754 1318 947 1362 frumento,
968 1322 1163 1363 postquam
1190 1324 1280 1360 ager
1305 1323 1436 1366 parum

157 1378 259 1407 tutus
283 1377 371 1416 erat,
392 1371 428 1406 in
455 1368 567 1404 urbes
590 1366 756 1402 munitas
780 1370 969 1408 convecto,
990 1370 1029 1399 ut
1046 1364 1109 1398 vix
1127 1362 1260 1397 decem
1277 1360 1436 1406 dierum,

157 1418 257 1467 quod
282 1423 513 1465 compertum
539 1422 668 1462 postea
693 1420 760 1459 est,
790 1413 1020 1448 frumentum
1056 1416 1279 1457 superesset,
1308 1408 1438 1454 Hispa·

157 1477 363 1513 nornmque
398 1464 446 1500 ob
480 1463 641 1510 inopiam
677 1461 839 1496 transitio
868 1466 994 1507 parata
1024 1458 1147 1503 fuerit,
1177 1458 1208 1492 si
1243 1456 1440 1492 maturitas

158 1521 367 1562 temporum
385 1517 582 1559 expectata
600 1509 704 1545 soret.

208 1566 268 1598 41.
302 1562 476 1597 Ceterum
512 1557 711 1594 temeritati
744 1554 907 1591 consulis
939 1565 984 1589 ac
1017 1562 1262 1600 praepropero
1292 1550 1439 1597 ingenio

159 1609 358 1647 materiam
391 1608 504 1643 etiam
538 1605 683 1641 fortuna
716 1604 830 1648 dedit,
860 1601 956 1649 quod
992 1601 1030 1636 in
1063 1598 1302 1647 prohibendis
1362 1609 1440 1633 rae-

159 1657 350 1694 datoribus
383 1654 621 1692 tumultuario
655 1652 792 1700 proelio
833 1650 880 1686 ab
914 1659 1088 1696 procursu
1121 1647 1243 1693 magis
1274 1645 1441 1681 miitum

159 1717 275 1754 quam
308 1716 356 1741 ex
388 1707 605 1752 praeparato
639 1706 703 1735 aut
743 1701 847 1746 juissu
889 1698 1152 1745 imperatorum
1193 1694 1284 1729 orto²³
1324 1693 1440 1729 haud-

164 1760 1436 1782 ff

203 1812 212 1829 ¹
228 1809 307 1842 Scil.
324 1807 461 1840 Fabius.

199 1851 214 1870 ²
229 1854 238 1868 ⁴
251 1845 540 1889 Unmanageable,
558 1841 831 1885 ungovernable.’

200 1893 214 1912 ³
230 1890 280 1923 Or
294 1887 714 1922 semustum=ambustum
760 1882 824 1914 See
841 1881 937 1920 chap.
954 1883 1006 1917 35,
1027 1889 1058 1919 p.
1075 1880 1147 1915 311,
1163 1883 1242 1909 note
1258 1879 1289 1908 2.

203 1934 215 1952 ⁴
232 1936 240 1948 ⁴
253 1931 330 1963 The
346 1930 455 1969 plebs,
472 1929 523 1961 his
539 1936 614 1958 own
631 1923 767 1957 friends,
788 1922 865 1954 who
888 1931 978 1953 were
1001 1929 1093 1952 more
1117 1918 1340 1958 conspicuous
1355 1915 1443 1948 from

162 1971 251 2004 their
266 1972 438 2006 numbers,
459 1968 540 2009 high
562 1965 676 1998 offices
699 1963 856 2001 (officere)
879 1962 980 2002 being
1002 1960 1152 2000 wanting
1174 1969 1297 1998 among
1318 1957 1437 1988 them.'

162 2011 368 2053 Dignitatem,
388 2010 458 2055 like
472 2010 702 2051 magistratus,
731 2009 738 2021 ⁴
755 2004 812 2035 the
835 2002 950 2035 offices
973 2001 1012 2034 os
1028 2001 1191 2038 honour3’
1218 1999 1291 2030 that
1316 1998 1358 2035 is,
1376 1996 1440 2030 fre-

162 2045 705 2134 qufppny,tgvffloffiflgpgetftifflaxcvgn
720 2044 902 2116 ὼὸθὲῐέκκί.
920 2085 953 2121 8,
972 2093 1004 2123 p.
1024 2084 1095 2118 190,
1114 2087 1192 2113 note
1209 2081 1241 2111 8.
1297 2119 1303 2124 Π

202 2135 216 2153 ⁶
233 2131 347 2163 ‘who
372 2129 504 2170 alleged
529 2129 581 2160 bis
608 2137 670 2168 age
694 2137 731 2158 as
758 2137 777 2157 a
801 2124 930 2166 ground
951 2123 990 2156 os
1011 2122 1169 2159 excuse3y
1196 2120 1268 2152 that
1295 2129 1336 2157 ts,
1362 2128 1400 2150 as
1422 2129 1443 2151 a

163 2172 293 2216 ground
309 2171 358 2203 sor
373 2171 474 2211 being
489 2168 636 2202 relieved
652 2167 691 2199 os
708 2165 897 2198 command.

205 2215 215 2233 ⁷
230 2211 434 2253 Equivalent
451 2219 485 2242 to
500 2214 682 2251 supererat.
727 2207 792 2238 See
809 2207 905 2246 chap.
922 2208 974 2236 25.

203 2255 217 2275 θ
233 2258 242 2271 ‘
255 2254 296 2286 In
317 2263 360 2284 an
382 2253 444 2284 irre
471 2251 542 2283 ular
564 2249 662 2290 fight,
681 2247 792 2279 which
815 2247 881 2278 had
903 2246 1014 2278 arisen
1035 2253 1127 2275 more
1151 2242 1185 2274 in
1207 2249 1441 2280 consequence

163 2294 204 2328 of
221 2295 278 2327 tbe
293 2293 414 2326 runnin
447 2262 598 2324 {oi-ward
613 2289 652 2321 of
670 2288 726 2320 tlte
742 2287 896 2323 soldiers,
915 2286 996 2318 than
1012 2283 1096 2316 aster
1111 2281 1322 2323 preparation
1336 2290 1374 2312 or
1394 2281 1442 2320 by

163 2333 343 2418 Ἠῗέιᾱ
357 2332 396 2365 of
405 2340 419 2365 t
445 2343 463 2365 e
479 2329 657 2373 generals.'
699 2330 751 2360 As
768 2335 803 2360 to
820 2340 857 2359 ex
870 2331 1077 2368 praeparato,
1096 2333 1154 2356 see
1172 2322 1310 2362 Zumpt,
1328 2320 1348 2355 ὓ
1363 2322 1438 2358 309.

311 2418 357 2450 27
369 2415 394 2438 '¹‘
