1539 2508
88 93 170 130 248
634 107 670 133 T.
701 107 814 134 mvn.

84 190 223 226 pernox
258 185 334 215 erat
371 188 407 214 et
442 179 594 215 sublatis
626 182 881 218 armamentis¹
910 184 1130 220 veniebant:
1169 184 1356 234 extemplo

84 226 210 263 datum
231 239 251 262 e
270 228 429 274 speculis
447 228 606 275 signum,
625 235 662 264 et
680 230 714 264 in
733 230 866 277 oppido
884 231 930 267 ad
955 243 1059 268 arma
1084 233 1356 270 conclamatum

85 281 140 310 est
170 282 206 310 et
236 276 271 311 in
306 288 418 310 naves
448 287 704 312 conscensum.
758 279 846 314 Pars
874 279 1032 316 militum
1063 280 1099 316 in
1133 282 1249 316 muris
1277 292 1356 328 por-

86 328 278 369 tarumque
298 325 332 358 in
357 324 585 369 stationibus,
614 337 698 371 pars
724 326 760 360 in
788 327 944 362 navibus
968 334 1082 364 erant.
1134 329 1181 364 Et
1208 329 1356 364 Cartha-

83 371 271 416 ginienses
312 373 398 417 quia
442 384 516 407 rem
553 372 628 407 fore
663 373 761 409 haud
795 386 881 410 curn
916 375 1103 422 imparatis
1143 377 1353 422 cernebant,

84 429 200 465 usque
218 419 261 453 ad
283 418 404 454 lucem
422 427 525 466 portu
552 432 592 454 se
610 421 873 468 abstinuerunt,
894 423 1091 459 demendis
1116 425 1356 460 armamentis

84 477 128 501 eo
155 473 318 512 tempore
345 469 578 514 aptandaque
605 469 651 504 ad
678 481 839 515 pugnam
866 471 985 506 classe
1009 471 1233 518 absumpto.2
1282 472 1354 507 Ubi

85 514 212 558 illuxit,
234 526 404 560 recepere
431 516 589 550 classem
617 517 652 551 in
678 517 806 564 altum,
836 526 873 554 ut
900 520 1058 565 spatium
1086 531 1230 566 pugnae
1257 529 1356 555 esset

83 562 298 608 exitumque
328 562 484 598 liberum
515 575 535 598 e
566 571 668 610 portu
704 578 816 601 naves
845 566 1002 602 hostium
1033 566 1224 602 haberent.
1275 567 1357 602 Nec

83 609 235 644 Romani
254 610 492 645 decretavere
519 623 691 658 pugnam,
712 620 747 648 et
776 615 952 649 memoria
977 616 1073 650 circa
1099 627 1145 650 ea
1171 615 1251 661 ipsa
1277 614 1357 650 loca

82 665 269 703 gestarum
291 670 411 693 rerum
432 659 512 694 freti
532 667 567 694 et
588 660 743 696 militum
766 662 1004 698 multitudine
1021 674 1066 698 ac
1086 664 1230 698 virtute.

131 709 187 740 50.
216 705 286 741 Ubi
306 707 339 740 in
359 707 475 741 altum
503 709 621 743 evecti
649 715 743 754 sunt,
765 711 950 745 Romanus
975 722 1166 746 conserere
1193 721 1357 757 pugnam

82 758 118 787 et
137 765 183 788 ex
203 754 404 801 propinquo
423 755 517 789 vires
535 756 700 791 conferre
720 757 839 792 velle:
867 765 992 793 contra
1018 758 1184 794 eludere³
1202 758 1354 804 Poenus,

82 806 119 835 et
148 809 237 847 arte,
271 813 340 836 non
372 803 405 836 vi
436 814 513 837 rem
542 816 682 849 gerere,
711 805 938 852 naviumque
964 818 1075 853 quam
1105 806 1263 842 virorum
1292 811 1356 840 aut

81 859 267 884 armorum
297 850 406 884 malle
437 858 624 886 certamen
653 851 789 888 faeere.
840 854 936 889 Nam
967 861 1004 888 ut
1031 854 1136 889 sociis
1164 853 1356 889 navalibus

80 895 223 931 affatim
243 897 456 932 instructam
483 898 653 945 classem,
675 900 725 934 ita
751 901 896 947 inopem
924 901 1043 936 milite
1069 901 1256 937 habebant
1267 903 1292 947 3⁴
1318 908 1355 936 et

82 944 201 979 sicubi
221 951 388 979 conserta
406 946 511 980 navis
529 953 638 993 esset,
659 946 946 995 haudquaquam
966 961 1030 996 par
1043 961 1220 984 numerus
1236 960 1355 984 arma-

81 997 201 1027 torum
235 1004 282 1027 ex
315 1004 360 1027 ea
393 994 591 1039 pugnabat.
644 994 751 1033 Quod
787 996 848 1031 ubi
881 997 1184 1032 animadversum
1218 1003 1286 1044 est,
1317 1004 1355 1032 et

80 1038 254 1074 Romanis
272 1040 465 1075 multitudo
485 1053 551 1076 sua
568 1043 668 1077 auxit
686 1043 866 1090 animum,
887 1050 923 1079 et
942 1045 1108 1091 paucitas
1125 1044 1197 1080 illis
1210 1045 1353 1080 minuit.

82 1086 279 1134 Extemplo
323 1094 468 1134 septem
512 1101 627 1125 naves
671 1090 831 1126 Punicae
877 1092 1177 1138 circumventae;
1228 1092 1355 1139 fugam

79 1140 226 1170 ceterae
245 1141 432 1182 ceperunt.
475 1136 583 1172 Mille
602 1143 638 1172 et
656 1139 879 1184 septingenti
898 1139 999 1175 fuere
1018 1141 1053 1175 in
1073 1139 1228 1175 navibus
1239 1140 1356 1188 captis

80 1182 218 1218 milites
250 1186 486 1230 nautaeque,⁶
521 1185 555 1220 in
591 1185 648 1220 his
690 1192 763 1220 tres
801 1187 943 1222 nobiles
980 1187 1353 1234 Carthaginiensium.

79 1230 217 1265 Classis
236 1231 398 1266 Romana
417 1232 622 1279 incolumis,
643 1244 716 1268 una
735 1239 876 1270 tantum
895 1235 1078 1282 perforata
1095 1237 1190 1284 navi,
1217 1236 1282 1272 sed
1309 1247 1356 1272 ea

79 1289 226 1324 quoque
246 1280 323 1324 ipsa
344 1279 488 1326 reduce,
509 1281 545 1315 in
564 1287 707 1327 portum
728 1282 847 1318 rediit.

126 1326 339 1361 Secundum
367 1327 462 1362 hanc
490 1340 663 1374 pugnam,
695 1329 857 1365 nondum
885 1331 1009 1376 gnaris
1042 1331 1124 1378 ejus
1155 1332 1219 1379 qui
1253 1332 1354 1367 Mes-

79 1383 192 1408 sanae
227 1380 340 1420 erant,
376 1374 432 1409 Ti.
468 1375 704 1422 Sempronius
736 1378 864 1414 consul
897 1379 1115 1414 Messanam
1143 1380 1255 1415 venit.
1309 1380 1355 1415 Ei

78 1419 215 1456 fretum
250 1422 396 1456 intranti
431 1434 495 1458 rex
528 1423 636 1459 Hiero
670 1424 831 1461 classem
865 1433 1030 1462 ornatam
1059 1427 1209 1463 obviam
1235 1427 1353 1474 duxit,

79 1473 403 1515 transgressusque
437 1481 485 1505 ex
518 1472 619 1517 regia
653 1473 689 1507 in
722 1475 941 1520 praetoriam
975 1486 1122 1521 navem,
1150 1476 1355 1522 gratulatus

78 1517 256 1563 sospitem
289 1528 375 1552 cum
410 1519 575 1554 exercitu
609 1526 645 1554 et
680 1521 835 1557 navibus
866 1522 1074 1569 advenisse,
1107 1530 1355 1570 precatusque

78 1574 294 1611 prosperum
318 1577 363 1600 ac
392 1565 544 1602 felicem
571 1567 610 1602 in
635 1567 796 1604 Siciliam
824 1571 1028 1617 transitum,
1056 1578 1194 1607 statum
1218 1571 1355 1609 deinde

79 1684 278 1716 translation
295 1684 374 1716 here
391 1686 418 1717 is
435 1692 469 1717 to
485 1685 569 1718 form
593 1698 612 1718 a
635 1688 855 1727 parenthesis,
872 1689 1020 1722 thus—⁸
1032 1701 1069 1723 as
1092 1701 1188 1729 soon,
1208 1691 1300 1729 then,
1319 1703 1356 1725 as

79 1725 136 1756 the
154 1726 319 1765 approach
335 1725 373 1757 os
385 1726 439 1758 the
459 1726 717 1767 Carthaginians
734 1740 804 1761 was
827 1730 993 1763 observed
1015 1731 1077 1767 (for
1090 1731 1266 1774 although,
1286 1733 1354 1766 διο.

79 1766 148 1797 still
166 1766 188 1797 it
207 1777 275 1797 was
293 1767 494 1805 perceived)‚
515 1768 570 1799 the
587 1769 695 1809 signal
713 1780 781 1802 was
798 1771 1028 1811 immediately
1043 1772 1168 1812 given.’

121 1807 131 1824 ¹
149 1809 157 1822 ¹
171 1806 266 1838 With
283 1807 368 1839 their
384 1807 464 1839 sails
481 1809 550 1847 up,'
570 1817 768 1842 armamenta
786 1811 886 1852 being
902 1811 946 1843 all
962 1811 1018 1844 the
1035 1813 1166 1854 rigging
1181 1814 1246 1846 and
1261 1814 1354 1847 tack-

79 1845 149 1886 ling
165 1846 231 1878 osa
246 1847 332 1886 ship,
352 1855 451 1885 mast,
472 1849 581 1888 yards,
602 1850 665 1882 and
682 1851 772 1883 sails.

121 1888 134 1906 ²
150 1890 158 1903 ⁴
171 1887 246 1918 The
264 1888 344 1918 time
363 1889 462 1929 being
478 1898 576 1929 spent
592 1890 626 1922 in
643 1890 760 1932 taking
775 1891 877 1924 down
891 1892 977 1925 their
993 1893 1085 1931 saus,
1102 1895 1167 1927 and
1180 1896 1356 1938 preparing

82 1927 139 1959 the
157 1926 234 1959 fleet
251 1927 300 1958 for
316 1929 445 1960 battle.‘
1346 1948 1349 1949 ⁷

121 1968 132 1986 ⁹
151 1968 328 1999 ‘Avoided
339 1968 394 1999 the
411 1971 558 2010 enemy,'
585 1971 663 2003 thus
683 1974 884 2014 attempting
907 1980 941 2006 to
964 1980 1022 2014 put
1045 1975 1098 2007 off
1114 1976 1171 2008 the
1195 1977 1355 2010 decision.

81 2008 158 2041 The
175 2008 346 2040 historical
362 2009 586 2049 (descriptive)
603 2012 778 2051 infinhive,
798 2025 878 2055 very
896 2015 973 2047 well
989 2015 1101 2049 suited
1115 2017 1166 2050 for
1186 2017 1357 2060 depicting

81 2060 101 2081 a
116 2056 203 2081 state
220 2049 332 2080 which
349 2050 528 2082 continued
546 2051 595 2083 for
610 2064 703 2084 some
721 2054 813 2087 time.
1293 2076 1298 2080 ·

122 2091 133 2108 ⁴
151 2093 158 2106 ‘
175 2089 274 2129 They
291 2089 354 2121 had
367 2090 388 2127 ;’
409 2091 555 2136 namely,
575 2093 630 2124 the
651 2094 922 2136 Curfflaginians,
940 2096 1051 2129 which
1069 2105 1158 2130 must
1175 2100 1217 2130 be
1234 2099 1354 2132 under-

80 2130 178 2162 stood
207 2130 293 2162 srom
331 2130 386 2162 the
423 2131 598 2176 collective
636 2134 783 2174 singular
814 2136 960 2169 Poenus.
1007 2137 1097 2171 Socii
1129 2142 1262 2172 navales
1299 2151 1355 2172 are

84 2177 92 2188 ¹
105 2171 255 2209 rowers,’
275 2172 377 2207 miles,
397 2171 607 2211 collectively
627 2177 634 2189 ¹
648 2176 817 2208 marines.⁷

121 2213 133 2230 ⁵
148 2211 234 2243 This
251 2212 346 2252 gives
362 2214 424 2244 243
441 2222 518 2257 men
533 2212 582 2244 sor
598 2215 680 2245 each
704 2217 826 2254 vessel‚
846 2219 1009 2260 certainly
1024 2226 1081 2252 too
1103 2220 1203 2252 small
1225 2232 1245 2253 a
1266 2232 1355 2254 crew

79 2251 130 2283 for
152 2262 171 2283 a
193 2254 452 2293 quiuqueremis;
485 2263 590 2290 smce,
616 2256 793 2297 according
816 2266 850 2290 to
877 2270 940 2291 one
971 2267 1125 2299 account,
1153 2261 1210 2294 the
1236 2272 1357 2302 proper

79 2292 305 2331 complement
336 2304 406 2325 was
436 2296 494 2325 100
521 2304 600 2325 men
625 2294 674 2339 for
704 2298 786 2328 each
817 2299 908 2330 bank
933 2300 973 2332 of
992 2311 1088 2340 oars;
1120 2301 1299 2344 according
1320 2309 1356 2335 to

79 2333 232 2373 another,
251 2333 315 2366 and
331 2340 363 2366 at
380 2333 436 2366 the
452 2334 572 2366 lowest
587 2341 756 2375 estimate,
775 2339 836 2370 400
851 2339 884 2371 in
900 2339 956 2372 all.
