1539 2508
132 97 207 134 164
673 105 709 131 T.
740 105 853 132 mvn.

122 181 309 229 proelium
352 191 436 215 cum
480 180 610 215 Tuscis
650 179 696 214 ad
737 179 943 215 Janiculum
986 185 1063 215 erat
1103 177 1260 214 crimini.
1326 178 1398 215 Sed

127 229 258 265 fervidi
288 228 402 262 animi
438 228 501 272 vir,
534 234 572 262 ut
601 228 635 262 in
665 227 809 273 publico
842 227 1004 273 periculo
1036 233 1133 272 ante,
1164 227 1218 262 sic
1251 232 1328 262 tum
1362 226 1399 262 in

127 289 201 321 su0‚
223 288 289 310 non
312 276 473 309 tribunos
493 275 599 308 modo
618 275 681 309 sed
703 275 847 320 plebem
867 276 1025 309 oratione
1052 275 1162 309 feroci
1193 273 1396 319 refutando,

127 323 451 370 exprobrandoque
477 323 519 356 T.
546 323 708 357 Menenii
736 323 1008 357 damnationem
1034 330 1275 367 mortemque,
1293 321 1400 367 cujus

126 372 238 418 patris
258 382 408 405 munere
428 371 592 404 restituta
611 369 794 415 quondam
816 369 920 415 plebs
945 381 1008 405 eos
1033 371 1139 416 ipsos,
1159 369 1294 415 quibus
1320 375 1397 403 tum

127 420 297 463 saeviret,
326 419 571 462 mag-istratus,
600 429 664 451 eas
692 417 792 462 leges
822 417 984 462 haberet,
1011 417 1216 463 periculum
1242 416 1399 451 audacia

126 466 310 502 discussit.
362 465 461 499 Juvit
477 471 511 499 et
532 465 722 509 Verginius
740 464 889 510 collega,
910 465 1013 499 testis
1029 464 1235 510 productus»,
1254 463 1397 510 partici-

127 514 246 561 pando
266 513 428 547 laudes2¹
456 513 575 556 magis
594 520 714 546 tamen
738 512 1006 547 Meuenianum
1033 510 1142 558 (adeo
1167 516 1399 546 mutaverant

126 562 306 605 animum)
327 559 454 606 profuit
473 560 663 606 judicium.

175 612 231 643 53.
267 608 476 642 Certamina
503 608 600 641 domi
628 607 753 651 finita;
786 607 923 642 Veiens
947 606 1087 641 bellum
1116 611 1293 650 exortum,
1321 605 1398 652 qui-

126 657 209 691 bus²
238 655 362 690 Sabini
390 667 492 689 arma
519 654 795 700 conjunxerant.
848 655 885 689 P.
913 654 1079 689 Valerius
1108 652 1245 699 consul,
1271 653 1400 687 accitis

128 704 338 739 Latinorum
385 703 698 748 Hernicorumque
743 701 897 746 auxiliis,
944 714 1030 737 curn
1074 701 1237 736 exercitu
1288 701 1400 735 Veios

127 753 262 787 missus
294 758 414 786 castra
447 750 590 795 Sabina,
620 761 716 795 quae
746 761 807 796 pro
842 750 1035 784 moenibus
1068 749 1247 784 sociorum
1281 748 1400 783 locata

128 806 240 845 erant,
277 799 470 833 confestim
504 798 731 843 aggreditur5
775 804 988 842 tantamque
1026 796 1305 842 trepidationem
1347 796 1399 829 in-

133 847 232 894 jecit,
272 855 320 891 ut,
364 846 451 880 dum
495 845 647 890 dispersi
689 845 750 879 alii
791 845 879 879 alia³
911 844 1165 890 manipulatim
1204 847 1399 878 excurrunt

127 895 174 929 ad
208 894 404 928 arcendam
441 893 599 927 hostium
638 892 723 937 vim,
760 903 803 926 ea
846 898 957 938 porta7
993 891 1052 926 cui
1094 892 1196 936 signa
1238 891 1397 936 primum

129 942 306 986 intulerat,
341 946 545 986 caperetur.
613 940 709 974 Intra
746 939 885 974 vallum
926 939 1059 973 deinde
1095 937 1232 972 caedes
1268 938 1396 983 magis,

128 1001 239 1036 quam
260 989 435 1035 proelium
457 999 551 1021 esse.
602 987 797 1021 Tumultus
814 998 834 1021 e
858 986 987 1021 castris
1007 992 1043 1020 et
1070 986 1103 1020 in
1131 984 1262 1020 urbem
1287 996 1398 1031 pene-

129 1044 217 1082 trat;
253 1043 440 1082 tamquam
475 1035 576 1069 Veiis
608 1035 734 1080 captis,
772 1035 821 1068 ita
855 1033 978 1079 pavidi
1009 1033 1183 1067 Veientes
1215 1032 1263 1066 ad
1295 1043 1399 1067 arma

127 1091 287 1119 currunt.
356 1084 442 1118 Pars
479 1082 622 1116 Sabinis
655 1088 743 1116 eunt
777 1081 949 1125 subsidio,
984 1092 1067 1127 pars
1101 1080 1286 1114 Romanos
1326 1086 1398 1114 toto

128 1133 268 1178 impetu
315 1131 472 1165 intentos
516 1131 548 1164 in
594 1135 713 1164 castra
757 1129 980 1163 adoriuntur.
1048 1127 1237 1173 Paulisper
1279 1126 1400 1162 aversi

129 1179 337 1224 turbatique
364 1179 484 1222 sunt3⁴
510 1177 644 1211 deinde
673 1186 708 1210 et
740 1177 805 1223 ipsi
834 1183 985 1221 utroque
1011 1176 1126 1210 versis
1154 1174 1268 1220 signis
1293 1175 1400 1209 resis-

129 1233 219 1272 tunt³
239 1233 274 1261 et
294 1237 410 1272 eques
434 1225 481 1260 ab
508 1224 655 1259 consule
683 1225 872 1258 immissus
897 1223 1039 1258 Tuscos
1064 1222 1183 1257 fundit
1208 1221 1398 1268 fugatque.

130 1275 345 1320 Eademque
365 1273 451 1308 hora
469 1273 540 1307 duo
559 1273 750 1316 exercitus,
766 1271 862 1306 duae
876 1271 1152 1317 potentissimae
1165 1276 1202 1304 et
1213 1270 1400 1305 maximae

129 1323 307 1358 finitimae
325 1328 456 1366 gentes
474 1329 666 1365 superatae
685 1325 780 1353 sunt.

179 1371 272 1405 Dum
302 1369 395 1403 haec
419 1368 466 1402 ad
493 1367 604 1401 Veios
627 1376 811 1410 geruntur,
840 1365 960 1400 Volsci
987 1364 1181 1410 Aequique
1209 1364 1246 1399 in
1273 1363 1401 1399 Latino

129 1429 216 1462 agro
243 1422 438 1462 posuerant
467 1422 587 1450 castra
614 1413 850 1460 populatique
879 1413 972 1447 fines
1000 1418 1113 1446 erant.
1165 1412 1238 1447 Eos
1266 1423 1332 1457 per
1360 1422 1400 1445 se

130 1465 200 1511 ipsi
229 1464 358 1506 Latini,
387 1463 585 1508 assumptis
613 1461 788 1505 Hernicis,
822 1461 900 1495 sine
931 1459 1095 1494 Romano
1121 1467 1182 1493 aut
1210 1459 1305 1494 duce
1338 1465 1402 1493 aut

130 1512 263 1547 auxilio
283 1512 409 1545 castris
428 1516 626 1545 exuerunt:
663 1508 800 1553 ingenti
828 1507 962 1554 praeda
982 1513 1124 1553 praeter
1153 1518 1238 1541 suas
1265 1507 1402 1552 recipe·

131 1567 227 1595 ratas
261 1571 319 1593 res
352 1558 456 1604 potiti
491 1564 585 1592 sunt.
649 1557 787 1591 Missus
820 1563 942 1589 tamen
977 1555 1025 1589 ab
1058 1555 1173 1589 Roma
1205 1554 1330 1589 consul
1365 1554 1403 1588 in

131 1608 283 1642 Volscos
301 1607 340 1641 C.
361 1607 527 1641 Nautius.
580 1605 673 1649 Mos,
695 1604 814 1648 credo,
835 1614 904 1637 non
932 1601 1110 1648 placebat,
1135 1602 1214 1636 sine
1239 1602 1404 1637 Romano

131 1655 226 1690 duce
261 1655 498 1697 exercituque
533 1652 651 1687 socios
681 1651 833 1698 propriis
861 1651 1002 1685 viribus
1034 1649 1271 1695 conciliisque
1306 1647 1404 1684 bella

131 1704 286 1748 gerere.⁵
350 1701 502 1737 Nullum
547 1711 666 1744 genus
709 1698 932 1733 calamitatis
973 1697 1291 1742 contumeliaeque
1330 1707 1404 1731 non

133 1750 274 1784 editum
304 1749 341 1783 in
367 1749 519 1783 Volscos
545 1754 623 1792 est;
652 1757 722 1782 nec
749 1753 872 1781 tamen
898 1745 1052 1792 perpelli
1077 1750 1239 1791 potuere,
1258 1750 1298 1778 ut
1321 1743 1404 1778 acie

133 1797 361 1832 dimicarent.
1177 1813 1180 1816 -

176 1926 184 1943 ¹
204 1927 211 1940 ‘
224 1923 276 1963 By
293 1923 488 1962 attributing
505 1929 537 1953 to
554 1922 623 1953 him
640 1933 658 1953 a
674 1921 769 1952 share
787 1921 818 1952 in
835 1920 887 1952 his
903 1919 1146 1959 praiseworthy
1161 1906 1287 1950 ὀρθά-ε]

176 1966 189 1984 ²
203 1965 234 1995 Α
251 1965 446 1995 constructio
461 1965 656 1999 adsensum,
678 1962 795 1993 Veiens
815 1961 916 2001 being
937 1959 1128 2000 equivalent
1151 1966 1185 1991 to
1208 1958 1403 1996 Veientium,

137 2016 174 2036 or
188 2016 257 2036 cnm
278 2003 476 2034 Veientibus.

178 2045 190 2063 ³
204 2044 279 2076 The
297 2044 437 2074 Sabines
455 2042 608 2073 marched
626 2048 681 2072 out
699 2042 833 2073 ostheir
849 2051 955 2079 camp,
973 2046 1030 2071 not
1047 2040 1079 2070 in
1095 2050 1157 2071 one
1181 2039 1282 2079 body.
1300 2040 1359 2071 but
1375 2039 1409 2071 in

139 2084 330 2123 companies
340 2085 387 2122 by
405 2083 556 2113 different
575 2093 688 2121 ways;
715 2082 778 2113 and
795 2081 883 2113 amid
899 2081 965 2112 this
981 2079 1154 2111 confusion
1177 2080 1233 2111 the
1259 2080 1408 2111 Romans

140 2125 236 2156 made
261 2123 465 2155 themselves
491 2130 632 2153 masters
657 2123 694 2153 os
713 2134 774 2153 one
799 2122 835 2153 os
854 2122 909 2152 the
932 2129 1027 2161 gates
1051 2121 1088 2151 os
1107 2120 1162 2151 the
1186 2130 1292 2159 camp.
1335 2120 1410 2151 Alii

139 2167 218 2197 alia.
238 2164 358 2203 supply
374 2165 439 2200 via,
459 2170 513 2194 not
528 2169 634 2202 porta,
654 2162 701 2194 for
719 2164 810 2194 there
829 2173 914 2193 were
932 2169 987 2192 not
1004 2171 1042 2192 so
1065 2170 1164 2199 many
1180 2169 1275 2200 gates
1299 2160 1332 2191 in
1353 2160 1410 2191 the

141 2216 213 2236 cam
242 2230 247 2235 .

181 2247 193 2264 ⁴
208 2216 368 2285 ffiamely,
387 2244 443 2275 the
461 2243 622 2280 Romans,
641 2244 685 2282 by
703 2242 757 2274 the
780 2242 894 2274 attack
916 2241 954 2274 of
970 2241 1027 2274 the
1051 2240 1247 2273 Veieniines
1269 2240 1304 2273 iu
1325 2239 1412 2273 their

144 2296 374 2365 reffrCompare
391 2325 526 2365 chapter
542 2327 592 2361 30,
611 2333 644 2363 p,
664 2325 733 2360 125,
750 2330 826 2354 note
842 2325 873 2354 6.
