1507 2492
673 105 799 131 mann
819 105 860 130 ιι.
1330 94 1408 133 129

138 180 304 217 Contioni
332 179 468 216 deinde
501 179 621 214 edicto
653 178 795 214 addidit
830 178 953 223 fidem,
984 188 1056 224 quo
1088 177 1211 223 edixit,
1242 189 1289 212 ne
1321 179 1406 224 quis

137 229 262 264 civem
296 228 499 263 Romanum
530 227 694 262 vinctum
729 233 792 260 aut
825 227 991 260 clausum
1028 231 1177 266 teneret,
1208 226 1404 271 quominus

136 276 170 311 ei
200 275 362 310 nominis
394 274 527 309 edendi
562 274 658 319 apud
693 274 861 308 consules
896 281 1056 319 potestas
1084 273 1209 317 fieret3
1245 285 1290 307 ne
1319 275 1403 319 quis

135 323 272 367 militis,
292 322 410 357 donec
437 322 472 356 in
499 322 628 356 castris
655 328 762 365 esset,
783 321 877 355 bona
902 320 1105 366 possideret
1130 328 1192 355 aut
1211 320 1398 367 venderet,

134 369 271 405 liberos
302 377 500 416 nepotesve
534 369 614 415 ejus
649 370 874 403 moraretur.¹
942 368 1016 402 Hoc
1051 369 1231 414 proposito
1266 369 1397 415 edicto,

134 423 172 452 et
197 418 256 464 qui
283 417 434 451 aderant
461 419 543 451 nexi
572 416 729 462 profiteri
757 415 942 461 extemplo
970 417 1137 460 nomina3
1173 422 1208 449 et
1237 416 1398 461 undique

137 475 186 500 ex
218 471 292 499 tota
325 464 416 499 urbe
450 464 724 509 proripientium
760 475 799 496 se
834 475 880 497 ex
913 463 1062 508 privato,
1099 474 1182 497 cum
1220 463 1398 498 retinendi

139 509 199 557 jus
226 511 391 547 creditori
423 522 492 546 non
522 518 630 556 esset,
658 521 855 545 concursus
884 511 917 544 in
951 510 1077 554 sorum,
1106 518 1142 544 ut
1169 518 1398 544 sacramento

133 558 326 605 dicerent,²
358 559 447 594 fieri.
514 558 652 603 Magna
693 569 737 592 ea
778 569 909 592 manus
952 557 1038 601 fu113
1081 569 1202 603 neque
1243 557 1397 592 aliorum

132 607 254 651 magis
287 606 323 641 in
352 605 482 640 Volsco
516 605 611 640 bello
640 606 754 639 virtus
786 612 896 650 atque
930 616 1040 650 opera
1069 605 1211 639 enituit.
1264 604 1397 639 Consul

133 654 258 700 copias
289 660 414 688 contra
445 652 591 689 hostem
632 653 752 687 educit
765 664 775 698 3
817 663 928 698 parvo
968 651 1165 686 dirimente
1207 651 1396 686 intervallo

133 707 254 736 castra
270 701 383 747 ponit.

182 751 239 783 25.
267 749 436 783 Proxima
470 747 554 782 inde
587 753 693 782 nocte
729 747 862 790 Volsci,
888 746 1071 781 discordia
1105 747 1268 781 Romana
1301 745 1395 792 freti,

133 796 164 829 si
196 806 269 841 qua.
299 802 475 830 nocturna
509 795 670 829 transitio
703 795 904 840 proditiove
939 794 1016 828 fieri
1050 802 1182 839 posset,
1219 801 1397 839 temptant

133 849 264 877 castra.
331 842 485 878 Sensere
520 841 671 887 vigile53
714 842 896 876 excitatus
938 849 1121 875 exercitus
1154 841 1256 885 signo
1289 842 1397 885 dato;

133 900 353 925 concursum
386 897 442 924 est
470 889 515 924 ad
544 900 659 924 arma.
713 889 767 923 Ita
800 889 933 923 frustra
967 887 1003 922 id
1039 889 1223 934 inceptum
1256 887 1397 922 Volscis

133 936 225 983 fuii;
259 936 437 983 reliquum
465 938 582 972 noctis
610 937 793 981 utrimque
822 937 935 982 quieti
965 935 1104 970 datum.
1157 936 1305 970 Postero
1338 935 1398 969 die

132 985 252 1031 prima
277 985 360 1019 luce
388 984 508 1019 Volsci
535 984 642 1019 fossis
668 984 815 1030 repletis
842 984 979 1017 vallum
1006 984 1191 1018 invadunt.
1241 983 1398 1028 Jamque

133 1033 181 1067 ab
208 1033 306 1067 omni
335 1039 436 1078 parte
470 1032 700 1066 munimenta
723 1031 960 1075 vellebantur,
989 1041 1073 1064 cum
1105 1029 1242 1074 consul,
1271 1041 1399 1075 quarn-

133 1091 247 1125 quam
274 1081 396 1114 cuncti
421 1080 593 1125 undique,
614 1086 648 1113 et
668 1079 751 1113 nexi
779 1083 864 1112 ante
890 1089 1030 1123 omnes,
1054 1084 1090 1112 ut
1115 1079 1258 1122 signum
1284 1079 1398 1121 daret,

135 1126 358 1172 clamabant,
401 1126 613 1172 experiendi
654 1127 797 1160 animos
846 1125 1006 1160 militurn
1049 1136 1163 1158 causa
1206 1135 1400 1169 parumper

135 1181 306 1216 moratus,
334 1180 525 1219 postquam
561 1173 649 1207 satis
676 1172 875 1218 apparebat
903 1173 1032 1216 ingens
1059 1171 1175 1215 ardor,
1204 1171 1289 1205 dato
1324 1178 1400 1205 tan-

135 1221 222 1256 dem
256 1220 304 1255 ad
338 1220 605 1266 erumpendum
648 1220 759 1263 signo,
795 1219 952 1253 militem
995 1218 1146 1252 avidum
1188 1218 1402 1253 certaminis

136 1267 285 1303 emittit.
352 1267 472 1302 Primo
514 1267 636 1301 statim
671 1267 813 1300 incursu
848 1266 939 1312 pulsi
976 1265 1119 1309 hostes3
1163 1265 1405 1310 fugientibus,

136 1314 257 1361 quoad
285 1315 427 1361 insequi
455 1314 572 1360 pedes
600 1314 724 1360 potuit,
755 1320 856 1358 terga
889 1324 1021 1353 caesa;
1055 1324 1174 1358 eques
1205 1324 1322 1358 usque
1356 1312 1402 1347 ad

136 1369 254 1397 castra
288 1362 439 1408 pavidos
472 1362 559 1407 egit.
611 1362 701 1396 Mox
735 1361 814 1406 ipsa
847 1368 967 1395 castra
1000 1359 1209 1404 legionibus
1249 1361 1403 1395 circum-

136 1409 242 1455 datis,
261 1421 348 1444 cum
367 1409 518 1444 Volscos
543 1407 626 1443 inde
653 1409 766 1442 etiam
793 1419 904 1454 pavor
921 1407 1130 1453 expulisset,
1151 1413 1259 1453 capta
1284 1407 1404 1453 direp-

138 1463 260 1504 taque.
311 1457 458 1492 Postero
483 1455 543 1490 die
569 1456 615 1490 ad
642 1455 814 1490 Suessam
835 1456 1047 1499 Pometiam7
1069 1466 1140 1500 quo
1164 1455 1404 1500 confugerant

137 1504 271 1550 hostes,
289 1504 495 1549 legionibus
519 1503 639 1538 ductis
665 1503 757 1538 intra
784 1513 920 1548 paucos
946 1502 1025 1536 dies
1051 1502 1225 1547 oppidum
1244 1502 1404 1548 capitur;

137 1558 289 1598 captum
332 1551 490 1596 praedae
537 1551 684 1585 datum:
737 1550 822 1584 inde
865 1549 1016 1594 paulum
1061 1556 1246 1583 recreatus
1289 1560 1405 1594 egens

138 1599 274 1634 miles.³
322 1598 454 1633 Consul
480 1609 567 1633 cum
593 1599 754 1632 maxima
778 1596 893 1641 gloria
919 1608 984 1630 sua
1009 1596 1182 1631 victorem
1203 1596 1407 1632 exercitum

138 1647 293 1682 Romam
327 1645 480 1680 reducit.
531 1645 782 1680 Decedentem
816 1644 968 1678 Romam
1005 1644 1280 1678 Ecetranorum⁴
1305 1643 1407 1678 Vols-

140 1705 264 1728 corum
300 1693 422 1738 legati,
454 1692 563 1727 rebus
595 1692 669 1726 suis
697 1692 870 1726 timentes
902 1698 980 1737 post
1010 1691 1214 1725 Pometiam
1248 1697 1406 1737 captam,

139 1741 298 1776 adeunt:
327 1740 383 1775 his
400 1752 445 1774 ex
464 1745 612 1774 senatus
630 1739 792 1773 consulto
811 1738 896 1772 data
914 1750 993 1784 pax,
1013 1749 1100 1783 ager
1117 1737 1324 1783 ademptus.

190 1791 246 1823 26.
278 1787 484 1822 Confestim
522 1793 557 1821 et
591 1786 713 1821 Sabini
746 1786 928 1820 Romanos
960 1786 1194 1819 territavere:
1229 1784 1410 1820 tumultus

141 1837 240 1871 enim
263 1835 331 1870 fuit
351 1835 473 1869 verius
490 1846 601 1880 quam
627 1833 794 1868 bellum.⁵
843 1833 961 1867 Nocte
987 1833 1020 1866 in
1048 1832 1176 1867 urbem
1204 1833 1412 1867 nuntiatum

184 1917 194 1934 ¹
207 1915 350 1952 Morari,
373 1919 380 1931 ⁴
395 1921 428 1945 to
444 1914 591 1950 molest‚'
613 1914 689 1944 here
712 1917 719 1929 ‘
731 1920 868 1952 prevent
886 1912 970 1944 from
986 1912 1143 1952 enjoyino
1169 1911 1229 1943 full
1251 1912 1372 1952 liberty
1384 1911 1407 1948 ;'

142 1955 192 1987 for
207 1955 357 1987 children
373 1954 437 1986 and
453 1954 720 1998 grandchildren3
741 1964 776 1984 as
793 1953 972 1993 belonging
988 1960 1022 1984 to
1040 1953 1095 1984 the
1117 1940 1237 1989 father,
1256 1952 1313 1983 felt
1330 1951 1412 1984 with

142 1996 214 2028 him
230 1996 300 2027 into
317 1995 485 2026 servitude
504 1995 602 2026 when
619 1994 659 2025 he
679 1993 778 2024 sailed
794 2001 828 2024 to
843 2004 906 2033 pay
924 1994 976 2024 his
992 1993 1100 2025 debts.

183 2037 196 2055 ²
209 2037 242 2067 A
259 2035 406 2075 peculiar
422 2035 554 2074 phrase,
570 2035 671 2066 alicui
685 2041 883 2065 sacramento
893 2035 996 2066 dicere
1009 2039 1172 2072 (compare
1190 2032 1279 2064 xxiv.
1295 2033 1339 2066 8),
1357 2035 1412 2063 ‘to

143 2075 222 2108 bind
239 2077 333 2108 one's
351 2075 418 2107 sels
430 2084 463 2106 to
481 2086 544 2114 any
557 2085 618 2106 one
636 2080 682 2110 (to
695 2074 750 2105 the
765 2074 988 2108 commander)
1001 2075 1044 2112 by
1063 2084 1103 2104 an
1117 2073 1194 2104 oath
1211 2072 1249 2103 of
1259 2071 1411 2111 fidelity.'

185 2117 198 2135 ⁸
211 2115 380 2161 Judp=ed
398 2118 534 2160 praede,
571 2119 578 2131 ‘
592 2115 658 2159 the¹
678 2114 785 2185 neledy
812 2115 950 2146 soldiers
981 2113 1150 2167 refrfshed
1179 2111 1412 2148 themselves,’

406 2160 414 2172 6

145 2155 388 2232 ἦὲῗὲῗὲἷῗαῖοζ
404 2155 678 2230 ν’ἒιὲἓέἑίἀιὲῗῗὲῖ
693 2155 1041 2235 ἰρὲἓέξέῗξὲἷέἓέῗέά
1057 2193 1105 2225 sar
1121 2194 1153 2224 in
1168 2193 1223 2224 «ιω
1238 2191 1372 2223 interior
1385 2191 1418 2223 οι

148 2235 297 2272 Latium,
316 2237 374 2267 but
392 2236 506 2267 whose
522 2242 618 2280 exact
635 2235 778 2273 position
793 2243 912 2266 cannot
929 2236 969 2266 be
987 2233 1202 2278 ascertained.

187 2277 200 2294 ⁵
214 2275 300 2314 Livy
315 2286 491 2315 expresses
507 2275 646 2307 himself
657 2275 689 2306 in
705 2275 761 2306 the
777 2286 868 2306 same
885 2285 1022 2306 manner
1034 2275 1068 2305 in
1082 2284 1149 2304 xxi.
1167 2275 1203 2304 16
1216 2271 1329 2311 hythe
1345 2281 1416 2304 cor-

148 2315 350 2356 responding
363 2317 475 2353 verbs,
493 2328 564 2348 cum
582 2315 689 2347 Gallis
706 2317 939 2347 tumultuatum
955 2316 1063 2346 verius
1079 2324 1174 2354 quam
1188 2314 1414 2354 belligeratum.

738 2367 752 2403 .1
