1507 2492
671 115 797 142 mean
826 117 866 142 η.
1337 111 1411 147 173

151 201 302 225 causam
327 189 428 236 dixit,
456 200 527 234 quo
555 201 699 236 semper
723 201 831 236 agere
856 191 978 225 omnia
1003 190 1131 226 solitus
1155 197 1242 238 erat,
1265 203 1412 228 accusa·

151 237 238 271 torio
266 237 402 283 spiritu.
454 236 629 281 Adeoque
659 238 861 272 constantia
889 249 954 272 sua
981 243 1017 272 et
1051 239 1213 273 ‘tribunos
1245 239 1413 286 obstupe·

151 283 238 318 fecit
272 290 307 318 et
344 283 515 329 plebem,.
540 290 577 318 ut
610 284 708 318 diem
745 285 812 330 ipsi
845 297 910 319 sua
942 285 1127 319 voluntate
1160 287 1413 333 prodicerent,¹

151 330 244 364 trahi
289 330 424 365 deinde
470 342 546 364 rem
590 332 758 365 sinerent.
826 332 930 366 Haud
977 332 1024 365 ita
1069 333 1226 367 multum
1267 334 1414 369 interim

151 377 326 422 temporis
368 377 455 411 suit:
499 384 582 412 ante
619 386 752 423 tamen,
788 390 896 424 quam
940 379 1103 424 prodicta
1143 381 1222 414 dies
1262 382 1411 426 veniret,

151 425 275 458 morbo
318 425 480 459 moritur.
547 425 658 470 Cujus
702 437 786 460 cum
829 426 1089 460 laudationem²
1121 427 1255 462 tribuni
1296 428 1414 473 plebis

151 471 330 516 impedire
356 477 579 515 conarentur,
609 472 713 518 plebs
743 472 899 507 fraudari
934 474 1101 508 sollemni
1131 474 1264 508 honore
1291 486 1413 520 supre-

150 529 256 552 mum
288 518 387 552 diem
422 519 511 552 tanti
545 520 611 553 viri
645 519 779 564 noluit3
822 526 857 554 et
891 520 1138 555 laudationem
1174 527 1250 555 tam
1285 522 1414 567 aequis

151 564 297 599 autibus
322 565 454 599 mortui
478 566 627 610 audivit,
652 578 763 611 quam
789 567 861 601 vivi
887 568 1157 602 accusationem
1182 568 1359 613 audierat,
1378 574 1415 602 et

151 612 327 657 exequias
345 612 516 658 frequens
532 613 743 648 celebravit.

201 661 257 693 62.
285 658 424 693 Eodem
451 670 544 694 anno
570 660 737 694 Valerius
761 661 885 695 consul
911 671 997 696 cum
1022 661 1182 696 exercitu
1209 662 1246 696 in
1268 663 1416 707 Aequos

152 705 343 751 profectus,
363 717 446 740 cum
466 706 606 742 hostem
626 708 670 742 ad
691 708 866 753 proelium
890 709 1023 742 elicere
1049 720 1117 742 non
1144 715 1276 754 posset,
1296 716 1416 743 castra

151 763 361 798 oppugnare
405 760 460 787 est
505 754 670 789 adortus:
716 754 900 800 prohibuit
940 755 1046 789 foeda
1088 762 1289 801 tempestas
1329 768 1415 791 cum

151 800 327 844 grandine
345 811 389 834 ac
412 801 603 835 tonitribus
628 801 728 835 coelo
754 802 910 848 dejecta.
962 802 1252 837 Admirationem
1280 802 1415 837 deinde

152 847 262 890 auxit,
291 847 392 891 signo
418 849 580 893 receptui
606 848 699 894 dam,
727 849 817 882 adeo
844 850 1034 894 tranquilla
1060 850 1237 884 serenitas
1262 850 1413 895 reddita,

152 899 192 928 ut
225 893 325 927 velut
359 895 507 929 numine
541 895 660 941 aliquo
694 895 846 930 defensa
879 904 996 930 castra
1036 908 1244 942 oppugnare
1282 897 1415 932 iterum

153 940 278 985 religio
297 940 416 975 suerit.
465 942 592 977 Omnis
624 943 676 976 ira
705 943 789 977 belli
820 943 865 977 ad
892 944 1160 989 populationem
1191 945 1268 989 agri
1296 945 1414 979 vertit.

154 987 256 1022 Alter
272 988 397 1022 consul
423 989 602 1024 Aemilius
627 990 660 1024 in
688 990 829 1024 Sabinis
854 990 990 1025 bellum
1018 992 1152 1036 gessit3
1179 997 1215 1025 et
1241 991 1301 1035 ibi,
1329 992 1417 1037 quia

153 1033 268 1069 hostis
299 1035 491 1070 moenibus
524 1048 563 1070 se
599 1037 756 1082 tenebat,
791 1039 919 1071 vastati
953 1039 1029 1082 agri
1074 1044 1168 1072 sunt.
1235 1039 1416 1073 Incendiis

153 1081 288 1115 deinde
317 1093 386 1116 non
413 1083 578 1117 villarum
610 1084 727 1130 modo.
755 1084 816 1118 sed
846 1085 956 1119 etiam
987 1085 1161 1129 vicorum,
1189 1086 1321 1129 quibus
1346 1086 1416 1119 fre-

154 1135 308 1173 quenter
325 1128 582 1174 habitabatur?
598 1130 720 1165 Sabini
748 1132 859 1165 exciti
885 1143 971 1165 cum
996 1132 1267 1176 praedatoribus
1292 1144 1416 1167 occur-

155 1174 295 1216 rissent‚
313 1175 460 1221 ancipiti
480 1177 613 1221 proelio
631 1178 779 1220 digressi
799 1184 940 1222 postero
957 1177 1017 1212 die
1043 1178 1211 1213 rettulere
1237 1186 1354 1213 castra
1379 1181 1416 1214 in

155 1221 285 1255 tutiora
303 1222 391 1255 loca.
443 1222 480 1256 Id
501 1224 588 1257 satis
604 1224 739 1257 consuli
760 1224 888 1269 visum,
909 1236 972 1259 cur
989 1236 1050 1271 pro
1077 1226 1170 1259 victo
1197 1226 1416 1272 relinqueret

155 1267 308 1311 hostem,
329 1268 479 1312 integrm
498 1270 581 1303 inde
599 1270 784 1304 decedens
799 1271 904 1305 bello.

202 1317 258 1348 63.
284 1314 381 1349 Inter
406 1315 498 1349 haec
526 1316 620 1350 bella
646 1323 815 1351 manente
842 1318 1020 1352 discordia
1045 1318 1153 1363 domi,
1181 1319 1351 1354 consules
1372 1320 1412 1354 T.

155 1361 350 1395 Numicius
378 1362 528 1406 Priscus.
558 1364 602 1397 A.
629 1364 820 1409 Verginius
844 1364 943 1399 sacti.
994 1367 1075 1400 Non
1105 1366 1197 1400 ultra
1225 1366 1416 1401 videbatur

154 1407 270 1441 latura
295 1408 422 1453 plebes
447 1408 658 1444 dilationem
683 1411 845 1455 agrariae
872 1412 973 1456 legis,
1002 1412 1204 1457 ultimaque
1230 1414 1285 1447 vis
1313 1425 1414 1459 para-

154 1453 270 1499 batur,
316 1466 401 1489 cum
437 1456 586 1489 Volscos
626 1456 757 1491 adesse
798 1457 898 1492 fumo
940 1470 985 1492 ex
1026 1459 1204 1493 incendiis
1246 1460 1414 1495 villarum

154 1499 314 1545 fugaque
346 1503 541 1545 agrestium
576 1503 758 1546 cognitum
792 1510 859 1537 est.
926 1505 980 1538 Ea
1021 1517 1078 1538 res
1120 1512 1298 1540 maturam
1339 1519 1415 1552 jam

155 1548 370 1581 seditionem
391 1560 434 1582 ac
452 1560 560 1594 prope
587 1556 841 1594 erumpentem
869 1552 1048 1596 repressit.
1100 1552 1274 1587 Consules
1299 1554 1416 1588 coacti

154 1594 338 1639 extemplo
363 1595 410 1628 ab
439 1602 574 1639 senatu,
602 1596 647 1630 ad
679 1596 830 1630 bellum⁵
854 1596 986 1631 educta
1015 1609 1060 1632 ex
1089 1598 1178 1632 urbe
1210 1599 1413 1646 juventute,

156 1641 442 1686 tranquilliorem
460 1649 619 1676 ceteram
640 1643 783 1688 plebem
804 1643 979 1678 fecerunt.
1032 1645 1077 1679 Et
1105 1645 1226 1679 hostes
1250 1647 1412 1693 quidem,

154 1687 244 1721 nihil
284 1688 379 1722 aliud
423 1689 548 1734 quam6
581 1689 737 1735 perfusis
779 1702 870 1724 vano
911 1691 1056 1726 timore.
1081 1692 1262 1738 Romanis,
1305 1695 1414 1729 citato

149 1735 301 1779 ,agmine
334 1735 491 1770 abeunt:
526 1737 718 1771 Numicius
750 1738 901 1772 Antium
928 1737 1102 1773 adversus
1135 1740 1291 1786 Volscos,
1327 1741 1423 1775 Ver-'

194 1835 204 1852 ¹
217 1833 311 1865 Diem
329 1836 501 1875 prodicere,
531 1838 583 1865 ‘to
605 1841 662 1874 put
685 1835 736 1866 off
752 1836 807 1867 the
831 1837 916 1873 trial,
935 1837 1039 1877 fixing
1062 1849 1080 1869 a
1094 1838 1201 1869 future
1218 1838 1282 1878 day
1298 1839 1347 1870 for
1362 1839 1410 1870 it.'

157 1872 185 1905 It
208 1884 345 1913 appears
369 1875 438 1906 that
461 1875 517 1906 the
534 1876 682 1906 tribunes
698 1876 834 1915 granted
851 1887 869 1907 a
885 1878 1006 1909 second
1021 1878 1117 1917 delay
1135 1881 1231 1915 (trahi
1247 1891 1309 1910 rem
1324 1881 1410 1911 sine-

155 1920 250 1949 rent).
270 1914 378 1946 which
398 1925 466 1946 was
483 1916 642 1953 probably
658 1916 777 1954 sought
796 1917 910 1959 byssthe
934 1919 1074 1950 accused
1095 1929 1137 1949 on
1160 1919 1215 1950 the
1238 1919 1364 1958 ground
1380 1917 1417 1951 of

154 1955 205 1986 nis
222 1955 345 1990 health.
365 1955 413 1986 for
428 1955 468 1986 he
485 1956 558 1986 died
576 1955 686 1986 before
704 1956 758 1986 the
775 1956 837 1994 day
854 1957 1040 1997 ultimately
1056 1958 1154 1990 fixed.

193 1997 206 2014 ²
220 1995 257 2025 In
274 1995 329 2026 the
346 1995 479 2026 definite
496 1996 558 2027 and
575 2007 653 2034 very
666 2007 816 2027 common
831 2007 926 2028 sense
943 1997 980 2029 of
994 2002 1031 2029 ‘a
1044 1998 1168 2029 funeral
1182 1999 1329 2029 oration.'
1367 1999 1413 2030 So

154 2034 224 2065 also
241 2035 271 2065 in
288 2035 380 2072 chap.
397 2037 448 2070 47,
469 2036 523 2066 the
541 2036 628 2066 word
647 2038 796 2066 laudator
811 2036 859 2067 for
875 2037 928 2068 the
945 2049 1063 2076 person
1081 2039 1154 2069 who
1170 2039 1312 2069 delivers
1328 2039 1363 2069 it.

193 2076 206 2093 ³
223 2078 231 2091 ‘
244 2074 281 2105 In
299 2074 407 2105 which
424 2075 447 2105 it
465 2086 533 2106 was
550 2076 763 2115 numerously
776 2076 876 2107 dwelt
889 2078 910 2114 ;’
936 2078 1004 2108 that
1022 2079 1061 2114 is,
1085 2083 1092 2094 ‘
1105 2079 1214 2109 where
1232 2079 1322 2109 there
1342 2089 1412 2109 was

155 2125 173 2145 a
196 2113 284 2153 large
308 2114 520 2152 population.'
568 2115 612 2145 So
629 2116 659 2145 in
677 2116 719 2146 ix.
737 2119 788 2150 28.
807 2117 912 2149 omn'ia
934 2119 1079 2159 aedificia
1101 2123 1140 2154 (et
1154 2119 1348 2159 frequenter
1370 2119 1413 2149 ibi

155 2155 366 2189 habitabatur)
382 2156 579 2194 circumjecta
595 2157 695 2185 muris
712 2158 862 2188 incendit..

194 2194 206 2211 ⁴
223 2198 230 2210 ⁴
245 2193 395 2225 Without
414 2195 469 2225 the
487 2196 584 2225 wal-'s
601 2195 722 2234 having
739 2198 822 2227 been
838 2197 978 2236 brought
995 2204 1028 2228 to
1045 2209 1084 2229 an
1100 2197 1185 2228 end.'

194 2236 206 2252 ⁵
220 2233 248 2264 It
266 2233 294 2264 is
310 2234 458 2266 doubtful
476 2242 508 2266 to
525 2235 611 2266 what
629 2237 671 2266 ad
691 2237 803 2267 bellum
825 2237 973 2277 belongs.
1018 2237 1056 2268 In
1079 2248 1138 2268 our
1160 2237 1293 2277 opinion
1315 2244 1412 2271 coacta

154 2274 198 2304 ad
211 2274 323 2305 bellum
340 2274 367 2305 is
384 2282 438 2305 not
455 2275 536 2306 such
553 2275 637 2314 good
654 2275 752 2307 Latin
767 2287 802 2308 as
819 2279 948 2309 educere
961 2279 1004 2309 ad
1018 2279 1142 2310 bellum.

195 2313 208 2331 ⁶
221 2312 286 2345 See
301 2313 395 2378 ehass'*
412 2317 463 2352 29,
482 2325 512 2355 p.
532 2317 601 2353 133,
620 2322 696 2346 note
712 2318 741 2348 6.
