1507 2492
664 116 792 144 Lmen
819 115 860 140 11.
1317 94 1392 132 139

128 198 433 240 reconciliandam
469 194 608 231 civitati
643 202 737 228 esse.
804 187 945 224 Placuit
981 185 1090 230 igitur
1130 187 1309 216 oratorem
1347 178 1393 213 ad

128 251 276 298 plebem
318 246 412 283 mitti
448 242 666 279 Menenium
705 237 916 283 Agrippam,
952 231 1153 268 facundum
1196 229 1311 263 virum
1346 233 1394 271 et,

130 298 224 345 quod
260 296 359 331 inde¹
386 292 560 327 oriundus
592 295 679 333 erat,
709 285 807 332 plebi
840 293 976 317 carum.
1028 280 1064 314 Is
1098 277 1327 312 intromissus
1360 274 1397 307 in

129 352 260 388 castra,
279 343 396 389 prisco
416 340 476 375 illo
502 337 649 373 dicendi
677 342 712 369 et
740 330 883 367 horrido
910 328 1018 364 modo
1045 325 1134 361 nihil
1160 323 1260 358 aliud
1285 331 1398 367 quam

130 391 202 428 hoc
230 400 394 426 narrasse
423 388 553 422 fertur:
589 391 764 428 tempore,
792 390 864 424 quo
890 378 926 412 in
955 375 1102 410 homine
1128 383 1209 415 non,
1237 377 1274 404 ut
1301 378 1399 403 nunc

130 439 254 474 omnia
287 438 322 472 in
356 446 469 471 unum
502 428 757 473 consentiant‚2
791 425 856 460 sed
891 423 1043 468 singulis
1075 418 1253 455 membris
1291 426 1398 450 suum

132 487 268 532 cuique
305 483 511 526 consilium,
551 490 638 514 suus
681 485 799 510 sermo
842 471 960 515 suerit,
996 467 1202 513 indignatas
1243 463 1401 508 reliquas

132 540 266 581 partes,
301 542 367 566 sua
399 540 497 573 cura,
533 537 597 561 suo
631 523 753 558 labore
786 532 830 555 ac
871 515 1074 553 ministerio
1118 512 1235 547 ventri
1277 509 1401 547 omnia

133 581 270 627 quaeri,
305 583 474 612 ventrem
508 575 541 609 in
572 571 694 607 medio
724 569 889 615 quietum
922 564 1012 600 nihil
1041 561 1141 597 aliud
1170 570 1280 605 quam
1307 557 1402 591 (latis

134 625 382 673 voluptatibus
410 623 494 663 frui,
524 621 749 665 conspirasse
779 614 873 658 inde,
902 624 948 647 ne
976 621 1107 645 manus
1135 607 1181 641 ad
1208 617 1249 640 os
1277 604 1400 639 cibum

135 675 281 718 ferrent,
301 684 370 707 nec
386 683 427 706 os
443 669 624 714 acciperet
642 665 780 708 datum,
800 673 868 696 nec
886 659 1016 694 dentes
1041 656 1274 691 conficerent.
1327 652 1402 684 Hac

134 722 202 766 ira,
232 721 322 756 dum
354 724 523 753 ventrem
550 714 649 749 same
675 712 823 746 domare
851 707 998 749 vellent,
1028 705 1105 750 ipsa
1135 713 1207 737 una
1235 697 1403 734 membra

138 775 329 814 totumque
361 776 492 810 corpus
524 762 570 797 ad
605 767 808 795 extremam
843 755 965 788 tabem
1001 752 1158 786 venisse.
1221 747 1308 782 Inde
1341 756 1402 790 ap·

138 817 313 863 paruisse,
340 812 477 847 ventris
506 818 651 855 quoque
678 804 775 840 haud
803 813 916 847 segne
943 798 1188 834 ministerium
1215 806 1307 838 esse,
1335 802 1405 826 nec

137 863 258 908 magis
286 861 335 895 ali
364 870 478 906 quam
506 857 603 891 alere
637 864 736 897 eum,
764 849 981 885 reddentem
1015 847 1050 881 in
1085 855 1215 879 omnes
1248 840 1406 886 corporis

137 918 261 958 partes
294 908 400 951 hunc,
429 916 500 952 quo
534 902 693 938 vivimus
727 899 978 943 vigemusque,
1009 893 1168 928 divisum
1202 889 1335 936 pariter
1368 886 1406 920 in

139 968 253 993 venas
270 961 466 998 maturum,
485 950 651 986 confecto
669 947 762 989 cibo,
778 945 1005 989 sanguinem.
1047 935 1295 985 Comparando
1309 933 1405 977 hinc,

140 1015 252 1052 quam
278 1002 448 1038 intestina
474 997 633 1044 corporis
660 993 792 1029 seditio
822 989 955 1026 similis
989 994 1087 1023 esset
1117 987 1191 1021 irae
1219 982 1336 1030 plebis
1367 980 1405 1015 in

140 1053 279 1095 Patres,
300 1049 446 1084 flexisse
467 1052 610 1081 mentes
629 1042 830 1077 hominum.

190 1101 246 1132 33.
273 1097 344 1141 Agi
369 1095 456 1130 dein
473 1094 520 1128 de
538 1089 728 1127 concordia
746 1091 928 1132 coeptum,
948 1091 1236 1126 concessumque
1262 1079 1297 1113 in
1325 1086 1407 1111 con·

142 1145 317 1188 diciones,
344 1149 382 1177 ut
409 1141 505 1187 plebi
533 1139 588 1173 sui
615 1136 848 1180 magistratus
873 1137 995 1166 essent
1022 1127 1251 1171 sacrosancti,
1275 1123 1409 1171 quibus

143 1192 272 1227 auxilii
290 1190 375 1224 latio
392 1188 569 1222 adversus
587 1182 756 1218 consules
774 1185 883 1222 esset,
901 1188 993 1212 neve
1015 1176 1075 1210 cui
1102 1176 1249 1209 Patrum
1276 1182 1408 1217 capere

145 1251 231 1274 eum
260 1237 514 1282 magistratum
543 1233 680 1266 liceret.
732 1228 786 1262 lta
811 1225 944 1260 tribuni
969 1223 1087 1270 plebei
1116 1222 1229 1256 creati
1257 1219 1339 1263 duo,
1367 1218 1406 1252 C.

146 1285 309 1322 Licinius
326 1289 363 1318 et
381 1282 420 1316 L.
441 1281 608 1316 Albinus.
660 1276 704 1310 Hi
731 1282 804 1309 tres
821 1273 980 1316 collegas
1006 1270 1072 1305 sibi
1092 1273 1316 1303 creaverunt.
1368 1265 1409 1299 In

146 1333 206 1369 his
230 1332 403 1367 Sicinium
430 1328 554 1371 fuisse,
574 1323 763 1360 seditionis
788 1326 995 1363 auctorem3
1022 1318 1067 1351 de
1086 1316 1236 1359 duobus,
1251 1317 1312 1360 qui
1331 1312 1409 1347 fue-

146 1382 228 1425 rint,
247 1379 368 1414 minus
385 1374 567 1411 convenit.
618 1372 706 1406 Sunt
732 1369 795 1414 qui
813 1367 905 1402 duos
921 1373 1063 1401 tantum
1091 1364 1125 1398 in
1154 1363 1260 1398 Sacro
1288 1366 1410 1395 monte

146 1434 289 1463 creatos
306 1424 467 1460 tribunos
485 1432 566 1455 esse
584 1417 732 1460 dicant‚²⁵
749 1416 874 1460 ibique
894 1420 1072 1448 sacratam
1091 1411 1212 1456 legem
1232 1409 1355 1443 latam.

197 1475 266 1509 Per
292 1471 537 1508 secessionem
563 1466 680 1513 plebis
705 1464 764 1510 Sp.
785 1462 932 1498 Cassius
950 1468 986 1494 et
1013 1460 1206 1494 Postumus
1223 1455 1413 1491 Cominius

149 1520 390 1556 consulatum
410 1518 577 1552 inierunt.
640 1513 705 1546 His
737 1509 946 1545 consulibus
980 1518 1063 1541 cum
1101 1505 1238 1540 Latinis
1270 1502 1413 1549 populis

149 1569 264 1604 ictum
282 1566 424 1601 foedus.
475 1563 532 1597 Ad
559 1560 594 1596 id
622 1557 830 1593 feriendum
848 1554 972 1590 consul
991 1554 1081 1588 alter
1099 1554 1236 1587 Romae
1253 1549 1413 1593 mansit;

150 1616 242 1650 alter
273 1613 320 1648 ad
352 1611 527 1647 Volscum
559 1607 699 1643 bellum
733 1605 866 1639 missus
899 1601 1069 1637 Antiates
1101 1599 1265 1633 Vols-:05⁴
1293 1595 1414 1631 fundit

156 1672 1416 1698 st

137 1748 144 1754 ε
192 1731 204 1748 ²
217 1727 307 1758 That
320 1726 360 1761 is,
380 1736 415 1756 ex
431 1719 653 1758 ea—namely‚
668 1719 771 1759 plebe;
798 1727 833 1747 as
850 1716 966 1750 above,
985 1713 1078 1752 chap.
1093 1716 1122 1748 2,
1139 1714 1225 1743 unde
1244 1710 1292 1742 for
1304 1722 1323 1741 a
1344 1720 1414 1749 quo.

192 1768 308 1799 ⁹Here
331 1775 382 1796 we
405 1765 488 1795 have
513 1773 531 1793 a
554 1758 743 1792 contracted
766 1755 1001 1790 construction,
1021 1753 1069 1784 sor
1085 1752 1237 1792 properly
1253 1750 1315 1781 and
1333 1750 1416 1788 fully

153 1815 178 1841 tt
201 1806 319 1839 should
343 1806 426 1836 have
448 1805 533 1834 been
555 1812 616 1840 quo
639 1811 716 1833 non,
735 1804 770 1829 ut
794 1808 881 1828 nunc
901 1796 1117 1829 consentiant,
1136 1794 1242 1824 omnia
1266 1793 1300 1822 in
1316 1801 1418 1821 unum

153 1847 386 1882 consenserint.
431 1843 506 1874 The
529 1841 681 1878 ordinary
698 1837 832 1876 reading
855 1834 1161 1871 (Drakenborch’s)‚
1179 1832 1416 1864 consentiebant

153 1890 314 1929 —fuerat
331 1887 358 1917 is
375 1891 526 1922 contrary
543 1890 577 1912 to
594 1881 649 1911 the
666 1878 834 1916 authority
849 1876 887 1907 of
900 1876 956 1907 the
973 1873 1205 1912 manuscripts,
1224 1871 1300 1908 and,
1318 1881 1355 1902 so
1371 1869 1419 1901 sar

155 1930 314 1970 assuerat
332 1926 359 1957 is
375 1922 570 1957 concerned,
590 1920 653 1951 bad
671 1919 778 1949 Latin.

196 1971 208 1988 ³
221 1968 296 1999 The
313 1966 527 2003 discrepancy
545 1963 697 1992 between
711 1958 767 1989 the
783 1962 980 1988 statements
993 1954 1031 1986 of
1042 1954 1096 1985 the
1113 1953 1244 1984 various
1259 1950 1419 1982 annalists

156 2019 234 2048 may
261 2009 302 2039 be
328 2013 385 2044 got
414 2014 493 2035 over
517 2004 559 2040 by
583 1999 764 2038 supposing
790 1997 860 2028 that
887 2004 955 2028 two
982 1996 1130 2026 tribunes
1158 2003 1244 2023 were
1267 1990 1420 2028 formally

157 2048 287 2080 elected
309 2048 353 2086 by
375 2045 431 2076 the
454 2042 582 2083 people‚
609 2039 672 2071 and
695 2038 763 2069 that
787 2037 880 2068 these
905 2044 970 2067 two
993 2036 1092 2066 chose
1117 2034 1208 2064 three
1230 2031 1419 2070 colleagues

158 2087 332 2126 according
347 2093 382 2116 to
398 2086 483 2115 their
498 2092 573 2113 own
596 2079 662 2111 free
687 2078 856 2113 selection,
875 2084 931 2108 not
956 2077 998 2114 by
1015 2086 1034 2106 a
1055 2082 1132 2104 vote
1156 2072 1193 2103 of
1210 2072 1266 2102 the
1291 2071 1419 2109 people.

158 2128 190 2162 It
207 2129 234 2159 is
251 2135 304 2158 not
323 2125 373 2156 till
389 2123 517 2156 several
535 2131 628 2160 years
644 2118 726 2150 aster
739 2118 805 2148 this
819 2118 888 2148 that
906 2127 956 2147 we
970 2115 1036 2147 find
1050 2115 1113 2145 five
1132 2114 1279 2144 tribunes
1297 2111 1422 2141 chosen

158 2170 204 2208 by
223 2168 281 2198 the
295 2168 379 2208 plebs
398 2163 600 2195 themselves
617 2160 648 2190 in
666 2159 721 2189 the
737 2159 862 2189 comitia
878 2158 998 2188 tributa
1022 2161 1089 2190 (see
1107 2154 1199 2191 chap.
1218 2154 1278 2186 58).
1324 2152 1355 2180 A
1373 2151 1424 2181 lez·

159 2214 288 2240 sacrata
304 2207 331 2238 is
347 2216 409 2237 one
422 2205 460 2235 in'
472 2201 592 2236 which,
612 2211 648 2230 as
665 2210 683 2230 a
698 2198 832 2237 penalty
848 2197 896 2228 sor
921 2196 1080 2234 breaking
1104 2195 1140 2231 it,
1161 2193 1216 2223 the
1239 2199 1421 2229 transgres-

160 2248 246 2280 sor's
262 2257 380 2286 person
395 2244 458 2276 and
473 2244 601 2274 fortune
618 2249 672 2270 are
688 2238 828 2270 devoted
844 2245 878 2268 to
894 2237 950 2267 the
967 2235 1061 2275 gods.

200 2288 213 2306 ⁴
226 2287 379 2321 Antium.
396 2296 437 2316 on
454 2284 509 2314 t'ne
527 2292 595 2317 sea,
615 2278 778 2318 belonged
794 2285 828 2309 to
843 2278 900 2308 the
917 2276 1105 2311 Volscians,
1125 2284 1160 2304 as
1176 2282 1228 2304 we
1251 2281 1307 2303 see
1329 2269 1421 2307 here,

162 2326 227 2359 and
243 2337 313 2359 was
326 2326 410 2357 their
425 2323 560 2356 frontier
576 2329 667 2352 town
682 2329 725 2350 on
741 2319 797 2350 the
813 2317 921 2349 north.
