1507 2492
646 79 773 106 Lmen
800 80 843 106 11.
1300 67 1375 105 145

108 152 235 191 movit.
301 152 487 200 Factoque
523 160 672 189 senatus
709 153 881 199 consulto,
916 158 956 189 ut
988 152 1118 188 urbem
1151 152 1375 187 excederent

109 200 242 247 Volsci,
267 211 468 247 praecones
491 199 732 247 dimittuntur,
752 202 814 247 qui
839 213 967 236 ornnes
993 212 1056 235 eos
1081 199 1261 247 proficisci
1287 206 1373 233 ante

110 255 255 285 noctem
279 247 460 294 juberent.
511 248 643 293 Ingens
670 260 780 294 pavor
806 249 922 294 primo
948 249 1194 282 discurrentes
1217 246 1264 281 ad
1291 257 1377 280 suas

110 307 169 332 res
187 295 364 330 tollendas
397 297 434 330 in
468 295 622 342 hospitia
656 296 821 342 perculit.
889 295 1206 330 proficiscentibus
1241 293 1376 328 deinde

110 343 312 389 indignatio
337 343 483 378 oborta:
519 343 563 378 Se
598 349 636 378 ut
670 343 936 378 consceleratos
968 343 1304 387 contaminatosque
1328 340 1376 375 ab

110 390 217 436 ludis,
237 389 342 425 sestis
357 390 497 437 diebus,
517 397 623 426 coetu
641 391 910 437 quodammodo
936 390 1122 425 hominum
1149 389 1376 434 deorumque

111 438 263 474 abactos
281 449 373 472 esse.

159 488 217 520 38.
244 485 336 520 Cum
355 496 465 531 prope
483 485 692 520 continuato
710 485 857 529 agmine
877 484 977 529 irent,
998 494 1231 530 praegressus
1247 481 1377 516 Tullus

77 573 79 575 ,
110 532 156 568 ad
191 539 300 579 caput
331 532 593 578 Ferentinum‚¹
621 539 658 566 ut
688 533 844 578 quisque
874 533 1023 576 veniret,
1050 534 1226 577 primores
1250 540 1377 563 eorum

111 580 299 626 excipiens
325 579 511 625 querendo
539 579 844 625 indignandoque,
876 585 911 613 et
945 590 1008 613 eos
1038 580 1134 624 ipsos
1161 576 1287 611 sedulo
1315 587 1377 610 au-

109 627 256 663 dientes
305 627 467 662 secunda
511 628 585 661 irae
631 627 767 671 verba‚²
811 633 846 661 et
891 638 955 672 per
998 637 1061 660 eos
1105 624 1379 665 multitudinem

112 674 225 710 aliam
251 675 288 709 in
305 673 512 720 subjectum
538 675 620 708 viae
646 685 820 718 campum
846 673 1007 708 deduxit.
1059 672 1113 707 Ibi
1140 673 1174 706 in
1201 670 1380 706 contionis

112 721 264 757 modum
289 723 489 756 orationem
515 733 674 766 exorsus,
705 721 879 755 ‘Veteres
905 720 1024 765 populi
1051 720 1202 754 Romani
1230 718 1380 763 injurias

112 769 310 814 cladesque
343 769 464 814 gentis
495 768 718 813 Volscorum,
747 769 799 803 ut³
823 768 967 811 omnia,’
1005 767 1128 812 inquit,
1167 765 1379 800 ‘oblivisca-

113 816 203 852 mini
227 816 311 861 alia,
338 815 552 850 hodiernam
579 816 674 850 hanc
699 815 958 850 contumeliam
985 825 1055 860 quo
1083 813 1231 847 tandem
1257 813 1378 846 animo

112 863 223 908 fertis,
243 874 315 909 qua
340 874 404 908 per
430 870 589 898 nostram
616 863 854 908 ignominiam
881 862 985 896 ludos
1010 861 1227 895 commisere
1242 860 1271 894 2⁴
1320 862 1380 894 An

112 922 182 946 non
211 910 379 945 sensistis
411 910 673 957 triumphatum
709 910 816 945 hodie
850 909 896 943 de
925 909 1027 943 vobis
1059 909 1168 942 esse}
1212 919 1276 942 vos
1303 918 1378 941 om-

112 958 229 1001 nibus,
265 957 417 998 civibus,
450 959 661 1003 peregrinis,
699 964 747 992 tot
784 957 946 992 finitimis
982 957 1133 1002 populis,
1171 954 1379 1001 spectaculo

113 1005 295 1041 abeuntes
327 1005 467 1040 fuisse?
500 1012 640 1040 vestras
665 1005 848 1050 conjuges,
876 1011 1015 1038 vestros
1042 1004 1173 1038 liberos
1198 1003 1380 1037 traductos

115 1064 179 1100 per
211 1064 272 1087 ora
305 1052 538 1087 hominum3⁵
587 1053 680 1092 Quid
710 1064 780 1096 eos,
811 1054 873 1098 qui
906 1051 1080 1085 audivere
1114 1062 1243 1085 vocem
1278 1060 1379 1096 prae-

113 1100 225 1144 conis,
245 1101 330 1145 quid
348 1100 411 1146 qui
441 1111 502 1134 vos
525 1100 648 1135 videre
674 1101 861 1145 abeuntes⁷
882 1098 967 1144 quid
995 1110 1057 1132 eos
1083 1099 1143 1143 qui
1170 1097 1255 1132 huic
1282 1098 1380 1142 igno-

114 1147 269 1182 minioso
293 1147 433 1192 agmini
459 1147 561 1181 suere
589 1147 696 1190 obvii,
725 1146 954 1180 existimasse
981 1147 1117 1191 putatis
1142 1146 1207 1179 nisi
1235 1144 1380 1190 aliquod

115 1193 276 1241 profecto
310 1193 414 1228 nefas
442 1205 534 1238 esse,
565 1205 645 1240 qqu
676 1193 705 1226 si
733 1193 943 1227 intersimus
968 1192 1189 1238 spectaculo,
1217 1191 1380 1226 violaturi

115 1243 232 1278 simus
275 1241 379 1276 ludos
422 1241 682 1287 piaculumque
728 1240 890 1274 merituri
903 1240 927 1274 :⁶
969 1241 1052 1274 ideo
1097 1251 1161 1274 nos
1204 1239 1251 1274 ab
1292 1238 1381 1273 sede

115 1291 267 1336 piorum,
302 1295 409 1324 coetu
442 1289 667 1333 concilioque
700 1287 808 1332 abigi.
859 1288 954 1326 Quid
988 1287 1150 1322 deinde'.l
1186 1286 1276 1321 illud
1310 1297 1381 1321 non

116 1336 305 1382 succurrit,
333 1337 456 1371 vivere
483 1348 557 1382 nos,
584 1334 676 1381 quod
710 1336 971 1370 maturarimus
1004 1334 1209 1381 proficisci?
1244 1334 1275 1369 si
1301 1333 1382 1368 hoc⁷

114 1384 291 1431 profectio
310 1391 346 1418 et
365 1395 433 1418 non
454 1384 541 1429 suga
568 1390 633 1417 est.
687 1383 731 1417 Et
758 1382 853 1417 hanc
880 1383 1010 1417 urbem
1038 1394 1101 1417 vos
1127 1394 1195 1416 non
1224 1382 1383 1416 hostium

116 1432 262 1477 ducitis,
292 1432 355 1466 ubi
385 1432 411 1466 si
443 1443 555 1466 unum
589 1430 688 1464 diem
717 1431 845 1464 morati
875 1431 1016 1475 essetis,
1048 1429 1277 1465 moriendum
1307 1441 1383 1463 om-

116 1479 224 1514 nibus
266 1478 359 1513 fuit?
426 1479 568 1514 Bellum
609 1477 712 1512 vobis
753 1477 933 1512 indictum
975 1484 1040 1523 est,
1080 1488 1213 1522 magno
1255 1487 1383 1511 eorum

160 1567 168 1584 ¹
184 1564 259 1596 The
276 1575 367 1596 same
384 1564 493 1596 which
510 1565 540 1595 in
557 1564 575 1595 i.
594 1564 732 1603 5l‚fin.‚
753 1563 779 1594 is
796 1563 900 1594 called
916 1570 1010 1604 caput
1026 1575 1129 1603 aquae
1144 1563 1349 1595 Ferentinae.

159 1609 171 1625 2
187 1604 310 1676 vgogds
324 1605 477 1636 obedient
495 1615 529 1635 or
544 1604 752 1635 subservierit
771 1611 803 1634 to
820 1604 904 1635 their
920 1615 1032 1643 anger,
1052 1604 1134 1635 such
1148 1615 1183 1635 as
1196 1604 1332 1643 pleascd
1347 1614 1384 1636 or

145 1656 158 1676 r
183 1646 203 1676 ¹i
231 1656 248 1676 e
289 1645 310 1676 it
323 1657 355 1670 =
476 1646 620 1675 rdantia.

120 1656 141 1686 g
159 1656 232 1717 giUt
252 1687 278 1717 is
295 1693 352 1724 put
364 1647 522 1717 {iiiiii-urhe
539 1684 609 1715 first
625 1684 748 1719 clause,
768 1684 897 1715 instead
913 1684 950 1715 of
967 1692 999 1716 at
1023 1684 1078 1716 the
1103 1685 1302 1724 beginning:
1327 1685 1384 1716 the

119 1726 215 1758 order
237 1726 274 1757 of
291 1727 514 1758 construction
531 1726 556 1756 is
575 1731 608 1755 ut
628 1731 744 1756 veteres
765 1726 1057 1764 injurias—omnia
1078 1727 1237 1765 [denique]
1256 1727 1384 1757 oblivis·

119 1768 248 1799 camini.
296 1766 371 1797 'I'he
387 1766 572 1798 accusative
589 1765 704 1804 placed
723 1764 805 1800 first,
826 1764 889 1796 and
905 1765 959 1796 the
977 1766 1172 1797 connection
1189 1765 1225 1796 of
1237 1766 1292 1797 the
1308 1776 1384 1797 con-

118 1807 269 1847 junctior]
286 1813 321 1838 ut
339 1807 419 1838 with
435 1807 550 1841 omnia.
571 1806 679 1836 which
696 1816 791 1836 sums
809 1815 862 1844 up,
882 1806 956 1845 give
974 1806 1029 1837 the
1046 1814 1203 1837 sentence
1220 1806 1276 1837 the
1299 1805 1386 1838 force

122 1847 230 1878 which
249 1857 300 1878 we
318 1848 400 1878 have
416 1846 594 1885 expressed
612 1847 654 1885 by
670 1847 818 1885 denique.
841 1846 891 1876 ‘in
907 1846 1020 1877 short.'

162 1890 173 1907 ⁴
191 1892 198 1904 ‘
213 1887 251 1918 In
269 1887 378 1919 which
395 1886 535 1922 (affront)
553 1886 630 1925 they
648 1886 730 1917 have
749 1887 779 1916 in
797 1896 814 1916 a
838 1896 972 1917 manner
995 1886 1154 1926 insulting
1177 1894 1211 1917 to
1233 1897 1272 1918 us
1295 1896 1385 1918 com-

123 1927 263 1959 menced
277 1928 331 1959 the
343 1938 455 1968 games
469 1927 489 1958 ι’
508 1926 670 1966 properly,
684 1938 742 1966 per
752 1933 893 1957 nostram
905 1928 1114 1967 ignominiam
1125 1928 1151 1958 is
1164 1926 1384 1965 superfluous,

123 1967 172 1998 sor
197 1968 252 1998 the
273 1980 331 2008 per
351 1978 526 2006 expresses
550 1967 604 1997 the
630 1977 768 1997 manner
790 1977 826 1997 or
848 1977 934 2005 way,
954 1967 1062 1998 which
1086 1968 1141 1998 the
1166 1967 1308 1998 ablative
1325 1978 1388 2006 qua

124 2009 315 2040 contumelia
332 2008 390 2039 has
406 2007 538 2046 already
556 2006 728 2037 indicated.
774 2006 839 2037 But
863 2007 884 2037 it
905 2007 932 2038 is
955 2007 1087 2039 evident
1106 2008 1175 2038 that
1193 2007 1247 2038 the
1264 2008 1386 2038 excite-

125 2055 214 2092 ment
230 2047 278 2118 los,
288 2048 342 2079 the
359 2047 506 2079 auditors
523 2054 609 2078 must
634 2047 780 2078 increase
803 2054 834 2078 at
857 2058 957 2087 every
973 2048 1147 2087 repetition
1163 2047 1201 2078 of
1218 2047 1273 2078 the
1297 2046 1388 2078 word

129 2091 137 2104 ‘
152 2097 226 2120 insu
243 2096 266 2119 t.

165 2129 178 2146 ⁵
194 2132 201 2144 ⁴
217 2127 310 2160 Have
325 2129 408 2159 been
424 2127 569 2167 dragged
586 2126 664 2162 (like
677 2127 842 2165 prisoners
858 2128 889 2158 in
906 2139 925 2159 a
937 2128 1094 2167 triumph)
1107 2127 1217 2159 before
1231 2127 1287 2158 the
1302 2127 1390 2158 view

125 2166 164 2199 of
174 2167 230 2200 the
246 2168 387 2208 people!
435 2168 559 2200 Sallust
576 2177 653 2206 says
669 2167 841 2207 similarly,
852 2180 913 2208 per
926 2181 982 2200 ora
997 2170 1159 2199 hominum
1176 2169 1327 2200 incedere.

167 2208 180 2226 ⁶
196 2211 204 2224 ‘
217 2207 344 2240 Should
360 2208 443 2240 have
459 2207 619 2240 descrved
631 2207 653 2244 ;’
669 2207 739 2238 that
755 2208 795 2244 is,
818 2212 825 2224 ⁸
837 2208 996 2240 rendered
1013 2208 1212 2247 necessary.‘

165 2247 177 2265 '¹
190 2248 381 2288 According
396 2255 430 2280 to
445 2248 502 2279 the
518 2258 608 2279 more
625 2247 720 2278 usual
743 2247 839 2279 mode
862 2248 900 2280 of
917 2248 1153 2286 construction,
1179 2248 1247 2280 this
1269 2247 1390 2280 should

125 2286 236 2320 rather
250 2287 334 2363 Ιιῗιὲε
350 2289 436 2320 been
449 2290 532 2320 haec.
579 2287 742 2327 Compare
757 2288 778 2319 i.
795 2291 847 2326 55,
862 2299 893 2329 p.
911 2290 963 2327 92,
981 2297 1058 2320 note
1079 2291 1106 2320 1.
