1523 2524
647 100 774 128 mnan
802 99 908 126 xxu.
1329 84 1411 120 295

151 185 271 217 castra
287 179 451 215 Romana
468 189 561 224 esse,
581 187 703 212 arcem
724 182 841 210 tutam
859 172 1139 221 perfugiumque
1157 180 1271 206 novas
1290 168 1412 203 volen-

151 229 250 265 tibus
266 239 335 263 tes·
386 226 513 272 Itaque
539 237 630 272 quos
655 232 777 259 metus
802 234 871 257 non
891 227 1025 265 teneat,
1046 219 1224 254 beneficio
1243 224 1278 251 et
1296 217 1414 261 gratia

151 273 415 312 devinciendos
449 285 543 308 esse.
609 272 758 307 Miranti
787 270 924 305 Bostari
952 267 1276 314 percunctantique
1303 264 1413 310 quod-

150 335 239 360 nam
264 323 302 358 id
328 322 490 357 subitum
521 327 643 355 tantae
671 319 720 354 rei
755 318 891 353 donum
926 322 1047 362 posset
1083 326 1175 361 esse,
1214 311 1411 347 ‘Obsides’

150 370 270 418 inquit
304 369 359 405 ‘in
393 369 562 404 civitates
596 368 754 402 remitte.
823 365 861 400 ld
905 372 941 399 et
985 358 1152 409 privatim
1186 358 1411 408 parentibus,

151 430 304 465 quorum
333 417 535 452 maximum
562 427 694 451 nomen
716 415 751 449 iu
772 412 980 448 civitatibus
1006 418 1060 444 est
1087 409 1173 455 suis,
1201 414 1235 443 et
1264 406 1413 453 publice

150 465 293 512 populis
324 472 467 510 gratum
503 465 583 498 erit.
647 462 732 498 Vult
768 461 836 495 sibi
878 460 1033 505 quisque
1068 457 1180 501 credi,
1216 461 1252 490 et
1286 454 1411 489 habita

150 514 244 549 fides
278 514 394 558 ipsam
427 512 642 558 plerumque
672 509 809 554 obligat
843 508 967 542 fidem.
1031 503 1279 540 Minis-terium
1314 502 1415 536 resti-

151 560 367 596 tuendorum
395 560 523 594 domos
548 558 718 593 obsidum
745 556 914 591 mihimet
941 554 1099 600 deposco
1127 553 1214 598 ipse,
1241 557 1279 584 ut
1305 560 1416 595 opera

150 619 297 654 quoque
332 607 497 653 impensa
530 606 725 641 consilium
759 604 935 650 adjuvem
966 612 1102 645 meum,
1131 607 1166 634 et
1203 598 1253 632 rei
1287 603 1416 642 suapte

151 662 282 691 natura
309 661 443 700 gratae,
472 660 648 700 quantam
679 653 826 697 iusuper
855 650 1010 695 gratiam
1041 648 1185 694 possim,
1214 644 1414 690 adjiciam]

152 702 299 738 Homini
328 713 399 736 non
426 701 486 736 ad¹
515 708 638 736 cetera
666 699 802 734 Punica
832 697 977 742 ingenia
1003 694 1136 730 callido
1163 700 1200 728 ut
1227 691 1416 739 persuasit,

151 756 259 786 nocte
287 749 384 784 olam
414 760 626 794 progressus
650 747 694 781 ad
722 746 879 780 hostiurn
908 744 1093 786 stationes,
1122 741 1311 776 conventis
1339 738 1417 784 qui-

152 796 310 833 busdam
340 795 577 831 auxiliaribus
607 794 783 839 Hispanis3
815 800 848 826 et
880 792 927 826 ab
958 792 1002 825 iis
1029 790 1075 824 ad
1105 788 1310 834 Scipionem
1342 797 1419 832 per-

153 846 297 889 ductus,
326 844 414 890 quid
443 843 589 878 afferret
619 842 812 887 expromit.
864 839 956 873 Fide
985 843 1139 883 accepta
1173 835 1343 880 dataque,
1374 844 1418 867 ac

153 893 232 928 loco
260 897 296 926 et
323 897 487 937 tempore
505 889 699 924 constituto
727 888 772 922 ad
807 886 954 921 obsides
983 884 1188 925 tradendos⁷
1220 881 1419 926 Saguntum

153 940 271 984 redit;
297 937 398 973 diem
428 939 683 984 insequentem
712 935 916 981 absumpsit
945 944 1032 968 curn
1063 932 1209 966 Bostare
1239 928 1422 964 mandatis

153 987 200 1022 ad
236 997 314 1021 rem
347 985 530 1031 agendam
564 983 816 1029 accipiendis.²
883 981 1072 1023 Dimissus,
1108 990 1192 1013 cum
1236 988 1275 1010 se
1316 982 1422 1009 nocte

154 1035 301 1079 iturum,
320 1041 360 1068 ut
386 1032 569 1068 custodias
595 1031 754 1066 hostium
782 1029 936 1073 falleret,
965 1026 1224 1069 constituisset>
1253 1022 1299 1057 ad
1325 1034 1423 1057 com-

155 1081 310 1128 positam
341 1092 427 1115 cum
457 1080 500 1114 iis
527 1080 654 1114 horam
684 1077 855 1112 excitatis
883 1074 1095 1110 custodibus
1123 1082 1313 1118 puerorum
1345 1081 1423 1115 pro-

157 1129 287 1174 fectus,
306 1127 420 1162 veluti
438 1128 583 1172 ignarus
602 1126 636 1160 in
656 1130 889 1170 praeparatas
907 1134 972 1156 sua
991 1121 1117 1155 fraude
1144 1117 1294 1154 insidias
1311 1117 1423 1152 ducit.

159 1176 198 1211 [n
231 1180 350 1210 castra
382 1175 546 1210 Romana
578 1172 758 1218 perducti.
825 1171 953 1205 Cetera
986 1168 1107 1202 omnia
1140 1166 1186 1200 de
1230 1163 1427 1199 reddendis

147 1222 358 1267 obsidibus,
393 1221 486 1256 sicut
519 1231 605 1254 cum
647 1219 796 1253 Bostare
838 1218 1074 1252 constitutum
1117 1219 1204 1259 erat,
1239 1218 1322 1246 acta
1362 1223 1426 1258 per

159 1269 318 1305 eundem
347 1268 472 1303 ordine
505 1278 576 1313 quo
606 1266 636 1301 si
665 1264 1020 1310 Carthaginiensium
1046 1262 1193 1297 nomine
1220 1260 1272 1294 sic
1297 1269 1420 1304 agere-

159 1317 244 1352 ῑιπ.3
302 1315 423 1362 Major
454 1314 638 1360 aliquanto
672 1314 918 1348 Romanorum
949 1310 1066 1357 gratia
1101 1308 1171 1344 suit
1204 1308 1240 1342 in
1276 1318 1312 1341 re
1347 1305 1426 1352 pari

160 1376 271 1411 quam
301 1369 438 1410 quanta
467 1362 588 1396 futura
621 1359 977 1405 Carthaginiensium
1012 1357 1158 1392 fuerat.⁴
1208 1354 1293 1389 Illos
1326 1353 1424 1388 enirn

160 1423 292 1457 graves
319 1410 568 1456 superbosque
600 1409 636 1443 in
670 1407 779 1442 rebus
811 1406 985 1441 secundis
1017 1409 1186 1450 expertos
1214 1402 1358 1437 fortuna
1389 1406 1426 1434 et

162 1459 270 1494 timor
310 1458 498 1502 mitigasse
536 1455 651 1490 videri
684 1460 845 1500 poterat:
888 1454 1073 1488 Romanus
1106 1451 1222 1497 primo
1255 1449 1426 1492 adventu,

163 1505 367 1551 incognitus
393 1510 488 1546 ante,
517 1503 564 1537 ab
591 1514 628 1537 re
657 1501 832 1536 clementi
862 1499 1077 1544 liberalique
1107 1498 1248 1532 initium
1277 1495 1427 1530 fecerat.

164 1553 212 1588 Et
253 1551 410 1596 Abelux,
453 1551 507 1585 vir
548 1549 720 1596 prudens,
763 1547 862 1582 haud
904 1546 1048 1581 frustra—*³
1080 1544 1273 1579 videbatur
1314 1542 1431 1577 socios

164 1606 341 1635 mutasse.
392 1599 520 1644 Itaque
539 1597 676 1642 ingenti
695 1606 874 1629 consensu
899 1593 1145 1628 desectionem
1173 1601 1302 1626 omnes
1326 1599 1429 1635 spec-

165 1653 241 1682 tare
253 1646 277 1693 3⁸
317 1657 494 1692 armaque
539 1643 725 1690 extemplo
767 1648 866 1677 mota
908 1641 1036 1687 forent,
1079 1641 1116 1674 ni
1159 1639 1290 1684 hiems,
1333 1646 1430 1683 quae

206 1768 217 1786 ²
234 1765 294 1797 ‘In
310 1764 518 1803 comparison
534 1762 639 1793 with!
687 1761 751 1792 See
769 1760 904 1798 Zumpt,
925 1759 942 1792 ᾗ
959 1760 1032 1794 296,
1049 1757 1217 1798 propefin.

206 1808 219 1826 ²
235 1806 294 1837 ‘In
315 1805 483 1844 receiving
505 1802 683 1835 directions
706 1801 789 1832 from
813 1800 882 1830 him
898 1798 946 1830 sor
968 1798 1120 1838 carrying
1142 1804 1199 1828 out
1223 1795 1279 1827 the
1303 1794 1429 1831 affair;'

167 1846 313 1886 namely,
333 1845 423 1876 what
440 1845 481 1876 he
498 1854 568 1874 was
584 1850 618 1873 to
630 1842 672 1873 do
688 1842 720 1872 in
736 1841 792 1872 the
809 1839 961 1871 different
977 1839 1071 1870 cities
1088 1839 1121 1869 in
1133 1836 1228 1869 order
1244 1843 1278 1867 to
1294 1833 1432 1867 confirm

167 1887 255 1919 their
270 1885 467 1918 connection
483 1883 564 1915 with
582 1882 760 1921 Carthage.
1163 1889 1167 1894 ·

209 1927 310 1958 ³The
333 1936 425 1957 same
448 1930 640 1959 statement,
666 1920 846 1959 expressed
873 1919 1028 1959 actively,
1058 1917 1172 1950 stands
1200 1916 1298 1947 thus:
1329 1921 1433 1947 cetera

169 1968 276 1999 omnia
292 1968 373 1998 idem
387 1966 512 1996 Abelux
529 1965 593 2003 egit
611 1974 642 1994 eo
658 1963 782 1998 ordine,
800 1972 861 2001 quo
877 1965 1062 2001 (ageretur),
1078 1960 1109 1990 si
1121 1960 1166 1990 sic
1182 1957 1432 1996 Carthaginien-

170 2009 255 2039 sium
269 2007 398 2037 nomz'ne
418 2017 436 2036 α
463 2010 580 2035 eretur.
625 2002 700 2032 The
724 2002 917 2040 expression
939 2012 1034 2041 agere
1054 2011 1111 2040 per
1131 1999 1272 2029 ordinem
1295 1997 1435 2035 aliquem

170 2049 199 2080 is
215 2053 271 2077 not
288 2045 369 2077 used
385 2045 417 2076 in
465 2044 552 2075 atin:
577 2043 601 2073 it
615 2042 756 2077 follows,
776 2041 951 2077 therefore,
970 2041 1040 2071 that
1058 2039 1113 2070 tfie
1130 2047 1283 2069 common
1299 2035 1435 2074 reading

171 2088 263 2123 here,
279 2097 339 2126 per
354 2086 488 2116 eundem
503 2084 658 2118 ordinem,
684 2082 711 2113 is
735 2082 906 2113 incorrect.
953 2081 1027 2112 'l'he
1052 2079 1224 2116 treachery
1241 2076 1278 2106 of
1296 2075 1435 2106 Abelux

172 2125 341 2158 consisted
370 2126 402 2156 in
428 2125 480 2156 his
511 2133 548 2158 so
578 2122 775 2162 contriving,
805 2122 875 2152 that
901 2121 958 2152 the
983 2121 1166 2158 advantage
1193 2115 1328 2148 derived
1351 2114 1436 2146 from

172 2167 286 2238 ι((,ἒίνίῐιξ
308 2165 396 2211 back
421 2165 477 2196 the
502 2164 659 2203 hostages
685 2162 825 2194 accrued
850 2168 884 2193 to
910 2161 966 2192 the
995 2160 1143 2192 Romans
1170 2155 1299 2188 instead
1320 2154 1358 2186 of
1379 2154 1436 2185 the

207 2214 255 2238 art
282 2216 441 2246 agimans.

214 2246 536 2285 ⁴Fatum—fuerat
547 2244 718 2284 :suisset.
764 2242 828 2274 See
846 2242 982 2281 Zumpt,
1001 2240 1019 2274 ᾗ
1035 2240 1110 2277 498,
1128 2236 1264 2270 middle.

214 2290 226 2306 ⁵
243 2291 250 2304 ‘
266 2286 336 2318 Not
352 2285 493 2317 without
510 2285 596 2324 good
612 2282 780 2323 grounds.’

214 2329 226 2347 ⁶
244 2330 251 2344 ‘
264 2326 425 2366 Thought
442 2325 479 2357 of
490 2324 619 2357 revolt.’
