1507 2492
644 96 770 122 mmm
798 96 823 122 1.
1336 87 1389 124 87

131 171 251 218 prima
283 170 376 215 luce,
402 169 467 206 ubi
499 175 651 205 ventum
686 170 721 205 in
755 170 952 205 concilium
985 170 1040 216 sit,
1075 170 1273 205 instructus
1305 181 1392 205 curn

131 219 397 265 conjuratorum
426 229 536 252 manu
564 224 797 264 armatusque
831 225 1004 252 venturus
1036 218 1090 252 sit.
1142 217 1221 252 Dici
1256 217 1391 262 gladio-

130 277 211 301 rum
230 266 414 311 ingentem
434 276 516 299 esse
531 277 725 299 numerum
743 265 788 300 ad
812 277 896 299 eum
923 272 1163 299 convectum:
1192 264 1225 298 id
1254 275 1393 299 vanum

130 324 248 348 necne
273 314 328 356 sit,
348 312 531 358 extemplo
553 312 636 346 sciri
663 323 780 358 posse.
833 312 974 357 Rogare
1001 323 1064 346 eos
1090 319 1127 346 ut
1155 312 1238 346 inde
1265 323 1391 346 secum

130 360 174 395 ad
210 360 370 394 Turnum
406 361 562 394 veniant.
625 359 837 404 Suspectam
881 360 965 394 fecit
1008 370 1084 394 rem
1126 366 1162 393 et
1204 359 1392 403 ingenium

130 407 242 442 Turni
279 407 379 442 ferox
421 415 457 441 et
498 407 609 441 oratio
643 407 813 440 hesterna
854 414 889 440 et
929 418 1027 441 mora
1063 406 1261 451 Tarquinii,
1296 405 1391 450 quod

130 453 322 489 videbatur
350 453 396 488 ob
424 465 507 489 earn
537 454 672 488 differri
703 454 836 488 caedes
863 455 1034 499 potuisse.
1087 454 1183 488 Eunt
1214 452 1393 487 inclinatis

130 502 283 548 quidem
324 501 369 535 ad
407 498 631 536 credendum
665 502 805 545 animis,
843 508 965 535 tamen
999 501 1067 534 nisi
1101 500 1232 546 gladiis
1265 500 1392 543 depre-

130 547 258 583 hensis
283 555 406 582 cetera
436 560 529 583 vana
558 548 810 582 existimaturi.
862 548 931 582 Ubi
963 555 1017 581 est
1044 559 1087 581 eo
1114 554 1274 591 ventum,
1303 546 1393 580 Tur-

131 607 220 631 num
260 607 306 630 ex
343 606 468 630 somno
509 597 707 630 excitatum
749 596 1019 629 circumsistunt
1062 594 1253 638 custodes;
1295 604 1392 627 com-

130 642 395 689 prehensisque
421 643 545 687 servis,
570 643 631 688 qui
658 643 807 676 caritate
833 642 970 676 domini
998 642 1072 675 vim
1101 641 1285 687 parabant,
1306 651 1393 674 cum

130 690 240 734 gladii
282 689 396 724 abditi
439 701 484 724 ex
517 689 686 724 omnibus
718 689 808 723 locis
840 689 1054 723 deverticuli
1088 689 1390 734 protraherentur,

131 737 330 771 enimver0¹
363 736 560 771 manifesta
595 748 650 771 res
683 737 771 779 visa,
808 737 1037 782 injectaeque
1070 735 1192 770 Turno
1226 742 1390 769 catenae.

131 784 178 819 Et
211 783 403 818 confestim
444 784 653 818 Latinorum
695 784 888 819 concilium
933 794 1065 827 magno
1107 794 1190 817 curn
1236 781 1393 816 tumultu

129 830 339 866 advocatur.
391 830 445 865 Ibi
473 837 547 865 tam
573 838 675 865 atrox
702 831 838 865 invidia
866 837 942 864 orta
972 837 1025 863 est
1052 829 1182 874 gladiis
1208 829 1241 863 in
1268 828 1392 863 medio

108 879 265 925 ,positis‚
286 884 323 912 ut
343 877 478 912 indicta
495 890 616 923 causa,
637 889 728 912 novo
754 888 888 922 genere
915 877 1003 921 leti,²
1020 876 1187 922 dejectus
1211 876 1255 910 ad
1284 881 1393 920 caput

129 937 247 971 aquae
282 925 498 960 Ferentinae
532 932 630 960 crate
658 936 815 971 superne
844 924 980 970 injecta
1013 925 1182 969 saxisque
1211 922 1394 968 congestis

129 978 368 1018 mergeretur.

178 1022 235 1054 52.
276 1020 470 1054 Revocatis
509 1019 642 1054 deinde
683 1019 729 1054 ad
762 1019 960 1054 concilium
995 1018 1132 1053 Latinis
1165 1016 1391 1062 Tarquinius,

129 1066 417 1112 collaudansque
453 1067 515 1112 qui
550 1067 714 1101 Turnum
756 1074 950 1101 novantem
994 1077 1051 1100 res
1091 1076 1154 1111 pro
1196 1063 1393 1099 manifesto

130 1113 321 1160 parricidio
351 1114 480 1148 merita
508 1125 625 1159 poena
652 1114 873 1158 affecissent,
910 1114 958 1147 ita
992 1113 1105 1147 verba
1139 1111 1246 1146 fecit:
1283 1111 1393 1145 Posse

131 1160 282 1206 quidem
315 1171 355 1194 se
388 1168 530 1194 vetusto
571 1160 649 1206 jure
683 1172 802 1205 agere:
838 1161 943 1205 quod,
980 1171 1065 1194 cum
1106 1170 1234 1193 omnes
1277 1157 1393 1192 Latini

130 1207 178 1242 ab
199 1206 294 1242 Alba
317 1206 458 1241 oriundi
486 1208 566 1252 sint,
587 1209 621 1241 in
649 1219 692 1241 eo
711 1207 857 1241 foedere
885 1206 1102 1250 teneantur,²³
1119 1217 1189 1251 quo
1215 1205 1262 1239 ab
1288 1204 1393 1238 Tullo

132 1265 189 1289 res
220 1254 338 1288 omnis
370 1254 514 1288 Albana
546 1265 629 1289 curn
665 1254 800 1289 colonis
833 1254 908 1288 suis
939 1254 974 1288 in
1008 1254 1211 1288 Romanum
1245 1252 1393 1286 cesserit

131 1301 335 1347 imperium.
399 1301 568 1336 Ceterum
597 1313 636 1335 se
665 1301 830 1336 utilitatis
864 1301 899 1335 id
936 1301 1052 1345 magis
1084 1301 1244 1334 omnium
1281 1310 1394 1333 causa.

131 1359 291 1392 censere,
322 1353 361 1382 ut
391 1355 583 1382 renovetur
610 1349 646 1383 id
676 1348 816 1389 foedus,
848 1348 1080 1393 secundaque
1106 1348 1225 1393 potius
1251 1346 1394 1380 fortuna

130 1395 254 1441 populi
287 1395 437 1430 Romani
469 1401 507 1430 ut
533 1396 728 1441 participes
756 1395 871 1430 Latini
903 1395 1075 1439 fruantur,
1106 1406 1217 1439 quarn
1247 1393 1392 1428 urbium

131 1442 275 1477 excidia
315 1443 607 1488 vastationesque
648 1454 826 1487 agrorum,
869 1453 960 1487 quas
1002 1444 1104 1476 Anco
1147 1442 1254 1486 prius⁷
1291 1448 1393 1486 patre

131 1489 265 1524 deinde
298 1500 363 1523 suo
397 1498 570 1535 regnante
603 1490 762 1535 perpessi
799 1490 879 1531 sint,
916 1500 1061 1534 semper
1093 1495 1155 1522 aut
1197 1492 1393 1534 expectent

131 1542 193 1570 aut
226 1536 419 1581 patiantur.
471 1536 574 1570 Haud
610 1536 809 1570 difficultur
842 1547 1056 1581 persuasum
1088 1535 1235 1579 Latinis,
1266 1546 1393 1579 quarn-

133 1594 241 1628 quam
262 1583 296 1617 in
323 1594 366 1616 eo
392 1582 540 1617 foedere
566 1583 725 1628 superior
749 1583 910 1617 Romana
937 1593 995 1615 res
1020 1588 1108 1615 erat.
1159 1581 1330 1615 Ceterum
1357 1586 1394 1615 et

133 1630 253 1675 capita
279 1629 436 1664 nominis
464 1630 581 1664 Latini
611 1637 705 1664 stare
735 1641 778 1663 ac
806 1630 940 1663 sentire
974 1640 1057 1663 cum
1089 1639 1172 1673 rege
1205 1627 1391 1673 videbant,

133 1683 170 1711 et
202 1677 343 1711 Turnus
375 1677 430 1710 sui
462 1677 594 1723 cuique
628 1676 787 1722 periculi,
819 1677 848 1710 si
882 1676 1095 1710 adversatus
1127 1681 1234 1719 esset,
1266 1685 1395 1709 recens

133 1730 209 1758 erat
248 1723 523 1758 documentum.
590 1724 644 1758 Ita
689 1730 901 1758 renovatum
944 1722 1100 1767 foedus‚⁴
1142 1722 1393 1766 indictumque

175 1815 185 1833 ¹
198 1813 372 1845 Enimvero
387 1814 418 1844 in
435 1813 490 1844 the
505 1813 657 1853 apodosis
674 1813 886 1853 strengthens
900 1812 955 1844 the
970 1819 1170 1844 statement:
1200 1815 1208 1829 ‘
1220 1812 1394 1852 assuredly

133 1854 190 1886 the
207 1854 301 1893 thing
317 1854 476 1893 appeared
495 1854 671 1885 manifest)

173 1896 186 1913 ²
199 1895 255 1924 An
271 1893 325 1925 otd
342 1893 404 1924 and
422 1894 614 1933 principally
631 1893 773 1933 poetical
789 1893 893 1931 word,
912 1893 995 1924 used
1011 1894 1055 1932 by
1072 1891 1158 1932 Livy
1174 1893 1233 1924 but
1249 1891 1390 1929 seldom,

133 1933 184 1965 for
199 1933 256 1964 the
272 1933 424 1973 ordinary
439 1935 638 1965 nez—necis.
1184 1932 1189 1937 ’

175 1975 186 1993 ³
201 1973 275 2004 The
291 1973 443 2012 ordinary
459 1973 651 2012 expression
667 1973 833 2013 issoedere
848 1975 961 2009 reneri,
977 1974 1036 2004 but
1053 1974 1088 2004 in
1104 1972 1131 2003 is
1145 1983 1163 2003 a
1174 1971 1272 2003 fuller
1287 1971 1391 2008 sorm;

139 2017 147 2030 ¹
159 2019 193 2044 to
209 2014 249 2044 be
264 2013 339 2044 held
357 2013 508 2053 together
524 2013 554 2044 in
572 2023 590 2044 a
607 2013 745 2052 league.'

177 2054 188 2072 ⁴
203 2053 277 2084 The
291 2063 366 2084 sum
378 2053 415 2084 of
426 2053 492 2084 this
506 2060 608 2091 story,
625 2053 714 2088 then,
731 2053 770 2088 is,
787 2053 856 2084 that
875 2052 1077 2090 Tarquinius
1095 2052 1265 2091 Superbus
1276 2050 1396 2090 gained

137 2103 157 2124 a
171 2103 367 2132 supremacy
383 2103 461 2124 over
478 2092 623 2128 Latium,
643 2093 703 2123 aud
721 2092 832 2123 bound
849 2093 872 2123 it
889 2100 922 2123 to
940 2092 1048 2123 Rome
1071 2092 1103 2123 in
1128 2103 1146 2123 a
1168 2101 1242 2122 new
1267 2090 1394 2129 league.

138 2132 225 2164 This
252 2132 381 2171 league,
410 2132 577 2168 however,
604 2142 674 2163 was
698 2132 824 2163 broken
851 2132 948 2163 when
975 2132 1125 2170 Tarquin
1151 2141 1220 2161 was
1243 2129 1396 2168 expelled

137 2172 221 2204 from
239 2172 358 2208 Rome,
377 2183 413 2204 as
429 2183 480 2203 we
496 2172 580 2203 shall
597 2182 653 2203 see
670 2171 843 2203 hereaster.
887 2172 963 2203 The
986 2178 1164 2202 statement
1178 2170 1247 2200 that
1266 2169 1398 2200 Roman

139 2211 204 2243 and
220 2212 318 2243 Latin
341 2212 480 2243 soldiers
498 2222 585 2243 were
608 2211 719 2242 united
744 2211 776 2241 in
799 2211 960 2250 maniples
985 2211 1198 2249 (companies)
1220 2208 1396 2240 of'double

139 2251 305 2291 strength,
322 2262 433 2283 seems
445 2251 566 2290 chiefly
581 2259 615 2282 to
631 2252 671 2282 be
688 2250 844 2281 intended
865 2258 900 2282 to
922 2258 1060 2282 account
1077 2250 1126 2281 for
1148 2249 1204 2280 the
1228 2248 1306 2284 fact,
1324 2248 1396 2279 that

140 2301 161 2323 a
174 2290 318 2330 maniple
334 2291 366 2322 in
381 2302 402 2323 a
417 2291 548 2323 Roman
560 2291 669 2331 legion
685 2290 852 2322 consisted
866 2290 905 2322 of
915 2298 983 2322 two
995 2289 1172 2326 centuries‚
1190 2287 1273 2320 each
1286 2287 1367 2320 with
1378 2297 1400 2320 a
