1539 2508
101 86 178 123 152
645 96 681 122 τ.
705 95 821 123 mvn.

95 170 195 206 velut
219 176 344 206 tenore
369 181 497 205 omnes
521 170 703 215 expertos¹
731 168 929 204 tribuniciis
955 167 1227 212 certaminibus
1257 166 1359 203 habi-

96 223 185 253 tum.
236 219 362 264 Itaque
390 225 425 251 ut
454 218 547 252 bene
576 218 722 260 locatus,
743 216 876 251 mansit
895 218 927 250 in
947 227 991 250 ea
1017 215 1157 250 familia
1181 215 1360 261 aliquam·

95 265 155 300 diu
191 266 314 300 honos.
382 265 523 299 Bellum
559 264 644 298 inde
678 265 814 299 Veiens
846 264 985 308 initum,
1020 269 1055 297 et
1091 262 1210 297 Volsci
1245 261 1360 297 rebel·

94 311 223 347 larunt.
291 312 359 347 Sed
406 312 451 346 ad
496 311 591 345 bella
633 319 783 346 externa
826 322 935 356 prope
980 316 1192 355 supererant
1242 310 1360 354 vires;

93 359 411 404 abutebanturque
441 359 485 393 iis
518 359 610 392 inter
644 365 763 393 semet
793 359 889 404 ipsos
921 357 1105 392 certando.
1158 359 1361 391 Accessere

93 406 140 441 ad
174 418 302 451 aegras
334 406 409 451 jam
442 407 604 440 omnium
646 413 790 440 mentes
827 405 989 451 prodigia
1029 404 1213 447 coelestia,
1248 414 1360 449 prope

93 454 294 488 cotidianas
320 454 352 488 in
380 453 468 487 urbe
495 454 664 498 agrisque
691 453 910 487 ostentantia
937 453 1064 486 minas.
1116 451 1283 496 Motique
1309 451 1362 485 ira

94 502 256 535 numinis
272 512 421 535 causam
445 500 581 534 nullam
600 501 712 534 aliam
731 507 833 534 vates
849 500 1039 543 canebant,
1060 498 1204 544 publice
1231 499 1362 544 privat·

94 547 228 593 imque,
257 559 353 582 nunc
379 548 484 593 extis,
512 559 607 582 nunc
634 559 698 593 per
723 559 811 581 aves
836 546 1018 591 consulti‚²
1033 557 1146 592 quam
1173 545 1269 580 haud
1297 545 1362 580 rite

94 606 196 629 sacra
223 595 310 630 fieri.
361 595 430 633 Qui
458 601 609 629 terrores
635 602 760 629 tamen
787 605 830 628 eo
856 606 1020 640 evasere,
1048 599 1088 628 ut
1114 593 1241 639 Oppia,
1264 593 1362 638 virgo

94 642 264 683 Vestalis,
282 642 457 676 damnata
475 643 619 676 incesti³
636 653 772 688 poenas
788 641 942 676 dederit.

142 693 195 724 43.
223 690 266 728 Q.
295 689 444 724 Fabius⁴
471 689 553 724 inde
581 696 616 723 et
643 690 682 724 C.
709 689 827 724 Julius
852 688 1021 724 consules
1042 688 1140 723 sacti.
1193 687 1246 722 Eo
1267 697 1362 721 anno

93 748 162 772 non
204 737 348 782 segnior
372 736 551 771 discordia
584 737 694 777 dorni,
725 742 762 770 et
796 736 935 771 bellum
969 736 1056 771 soris
1088 735 1246 770 atrocius
1279 734 1360 769 fuit.

93 784 152 819 Ab
171 785 311 830 Aequis
343 795 444 818 arma
477 793 644 830 sumpta}
684 784 858 818 Veientes
889 795 1017 828 agrum
1052 794 1198 829 quoque
1231 783 1361 818 Roma-

93 842 221 866 norum
260 832 476 877 populantes
517 832 681 866 inierunt.
749 831 909 869 Quorum
951 831 1130 866 bellorum
1171 834 1362 864 crescente

94 889 181 912 cura
214 879 256 913 K.
292 878 428 913 Fabius
461 885 497 913 et
530 879 590 924 Sp.
626 878 755 913 Furius
796 878 967 912 consules
1008 878 1111 912 fiunt.
1177 877 1359 922 Ortonam,

95 925 262 960 Latinam
299 926 438 969 urbem,
474 926 593 971 Aequi
627 926 905 971 oppugnabant;
948 925 1123 959 Veientes
1155 924 1252 970 pleni
1284 923 1362 969 jam

94 973 367 1019 populationum
406 973 562 1008 Romam
595 973 710 1018 ipsam
746 985 785 1007 se
814 978 1083 1018 oppugnaturos
1116 972 1360 1006 minabantur.

94 1019 164 1058 Qui
207 1026 359 1054 terrores
399 1031 483 1054 cum
526 1031 763 1066 compescere
807 1020 993 1066 deberent,
1035 1031 1171 1054 auxere
1213 1019 1362 1064 insuper

93 1067 237 1102 animos
255 1067 395 1112 plebis3
422 1067 635 1113 redibatque
654 1078 722 1102 non
747 1078 812 1101 sua
839 1074 966 1112 sponte
992 1066 1090 1112 plebi
1117 1078 1197 1101 mos
1221 1066 1362 1100 detrec·

95 1115 194 1149 tandi
229 1114 412 1160 militiam,
448 1115 512 1149 sed
546 1114 605 1160 Sp.
641 1114 826 1158 Licinius‚⁵
860 1114 1023 1149 tribunus
1051 1113 1180 1159 plebis,
1215 1114 1362 1148 venisse

95 1167 242 1208 tempus
271 1169 366 1196 ratus
399 1173 463 1207 per
495 1161 663 1196 ultimam
697 1161 956 1196 necessitatem
987 1161 1078 1205 legis
1104 1161 1269 1206 agrariae
1296 1160 1361 1195 Pa-

96 1209 209 1244 tribus
232 1208 486 1255 injungendae,
507 1215 717 1255 susceperat
744 1220 822 1243 rem
850 1208 1043 1243 militarem
1070 1207 1360 1254 impediendam.

94 1257 264 1291 Ceterum
285 1263 358 1290 tota
377 1256 511 1290 invidia
531 1256 746 1290 tribuniciae
765 1256 956 1302 potestatis
977 1267 1084 1290 versa
1109 1255 1147 1290 in
1172 1262 1363 1290 auctorem

96 1310 171 1347 est,
199 1314 268 1338 nec
295 1303 329 1338 in
355 1315 440 1338 eum
467 1303 635 1337 consules
660 1304 788 1348 acrius,
817 1314 927 1348 quam
955 1303 1070 1348 ipsius
1094 1303 1174 1347 ejus
1198 1303 1362 1347 collegae

96 1356 206 1385 cooiti
239 1357 343 1395 sunt3
384 1350 592 1396 auxilioque
630 1361 755 1385 eorum
790 1350 975 1384 delectum
1010 1349 1179 1384 consules
1212 1349 1361 1384 habent.

96 1398 154 1433 Ad
183 1397 254 1432 duo
283 1398 392 1432 simul
420 1397 518 1432 bella
545 1397 727 1432 exercitus
752 1397 941 1432 scribitur:
969 1396 1160 1431 ducendus
1185 1397 1298 1432 Fabio
1324 1397 1363 1431 in

96 1448 255 1490 Aequos,
276 1445 311 1479 in
335 1445 510 1480 Veientes
536 1445 641 1479 Furio
667 1445 782 1479 datur.
835 1445 881 1480 Et
909 1445 944 1479 in
970 1444 1186 1479 Veientibus
1209 1444 1362 1490 quidem

96 1492 185 1527 nihil
222 1492 372 1537 dignum
405 1493 582 1527 memoria
614 1499 760 1536 gestum
794 1500 871 1527 est:
915 1491 1028 1526 Fabio
1061 1491 1247 1537 aliquanto
1279 1491 1363 1538 plus

96 1540 232 1585 negotii
267 1551 352 1574 cum
385 1539 536 1584 civibus,
572 1551 682 1585 quam
716 1551 799 1574 cum
835 1539 1000 1574 hostibus
1031 1538 1111 1573 suit.
1162 1539 1266 1574 Unus
1299 1538 1363 1573 ille

95 1587 151 1622 vir
168 1587 246 1634 ipse
269 1587 396 1622 consul
422 1598 500 1621 rem
525 1587 711 1633 publicam
737 1587 916 1632 sustinuit,
935 1598 1045 1632 quam
1072 1587 1256 1621 exercitus
1280 1585 1362 1621 odio

139 1698 147 1715 ¹
163 1696 350 1736 Passively,
373 1700 380 1713 ⁴
394 1696 700 1737 tried'=spectatos.
746 1696 809 1727 See
827 1697 847 1728 i.
866 1700 916 1734 17,
934 1708 965 1736 p.
983 1699 1036 1734 39,
1055 1703 1132 1728 note
1149 1699 1178 1728 2.

137 1739 150 1756 ²
163 1736 310 1776 Belongs
327 1746 360 1768 to
375 1739 533 1773 numinis,
556 1741 563 1753 ⁴
578 1737 662 1767 after
677 1736 732 1768 the
749 1737 839 1776 deity
856 1737 915 1768 has
929 1739 1012 1768 been
1029 1736 1226 1768 consulted.'

138 1778 150 1795 ³
163 1776 252 1808 That
270 1778 309 1813 is,
328 1779 465 1808 violatae
480 1777 695 1818 virginitatis.
740 1777 805 1808 See
821 1778 842 1808 i.
859 1780 910 1814 20,
930 1779 1066 1809 vestales
1082 1779 1275 1818 virginitate
1284 1788 1360 1809 ven·

99 1818 230 1848 erabiles
246 1829 282 1849 ac
297 1824 425 1850 sanctas
433 1819 526 1857 fecit.

137 1859 149 1876 ⁴
165 1856 208 1893 Q.
228 1856 350 1888 Fabius
367 1858 394 1889 is
411 1857 525 1889 consul
540 1857 608 1888 this
631 1867 709 1896 year
731 1857 780 1888 for
801 1857 858 1889 the
880 1858 1003 1889 second
1025 1858 1125 1895 time3
1151 1857 1250 1897 Livy,
1269 1857 1361 1889 how-

98 1907 188 1933 ever,
213 1896 271 1928 has
295 1897 459 1937 forgotten
482 1898 572 1933 here,
598 1897 659 1929 and
691 1897 723 1929 in
750 1897 804 1928 the
831 1898 1000 1938 following
1026 1909 1134 1938 years,
1160 1905 1194 1928 to
1220 1906 1278 1936 put
1305 1898 1362 1930 the

99 1938 225 1968 iterum.
271 1937 356 1968 This
379 1938 406 1968 is
430 1938 485 1968 the
508 1948 598 1968 more
616 1945 650 1968 to
666 1938 706 1968 be
724 1937 902 1974 lamented‚
922 1939 1064 1970 because
1081 1938 1158 1970 here
1175 1949 1226 1969 we
1243 1938 1326 1970 have
1343 1949 1364 1970 a

99 1987 175 2008 case
201 1976 323 2015 unique
348 1977 381 2007 in
405 1977 460 2008 the
488 1977 614 2016 history
637 1977 674 2008 of
692 1977 810 2014 Rome,
829 1978 867 2009 of
883 1978 976 2010 three
1000 1978 1358 2015 brothers—Quintus,

98 2017 222 2054 Kaeso,
241 2017 305 2048 and
321 2017 455 2048 Marcus
473 2017 499 2047 F
503 2018 844 2058 abius—completing
857 2019 888 2049 in
901 2019 1031 2058 regular
1043 2019 1247 2055 succession,
1263 2019 1360 2050 with-

99 2064 156 2088 out
174 2057 228 2088 the
245 2057 384 2088 interval
400 2056 437 2088 of
448 2067 530 2088 even
547 2068 566 2088 a
583 2068 672 2096 year,
698 2065 765 2088 two
788 2059 997 2098 consulships
1019 2059 1113 2090 each.
1159 2059 1234 2090 The
1257 2060 1362 2091 series

100 2097 128 2129 is
154 2097 337 2129 concluded
362 2099 406 2136 by
430 2097 485 2128 the
509 2097 594 2128 third
621 2098 812 2138 consulship
835 2099 873 2130 of
897 2099 1019 2130 Kaeso.
1064 2099 1160 2132 Thus
1185 2099 1235 2130 sor
1259 2109 1363 2130 seven

100 2138 310 2169 consecutive
327 2148 422 2177 years
439 2148 489 2167 we
506 2137 589 2167 have
606 2138 738 2169 consuls
762 2146 817 2170 not
841 2138 878 2170 of
895 2139 951 2170 the
974 2150 1066 2171 same
1088 2139 1201 2178 family
1218 2138 1358 2177 merely,

100 2179 158 2209 but
176 2179 346 2214 brothers;
372 2177 420 2208 for
435 2177 505 2208 that
525 2176 670 2212 Quintus
689 2189 756 2209 was
773 2190 790 2209 a
807 2179 940 2210 brother
955 2190 1092 2218 appears
1104 2179 1188 2210 from
1200 2179 1295 2218 chap.
1309 2181 1361 2212 47.

139 2219 151 2236 ⁵
165 2217 345 2257 Dionysius
361 2217 442 2249 calls
459 2217 526 2248 him
543 2215 668 2253 Icilius,
684 2218 747 2249 and
761 2219 791 2250 in
806 2219 870 2250 fact
883 2220 950 2251 this
962 2229 1100 2258 appears
1113 2226 1147 2250 to
1159 2221 1198 2250 be
1211 2225 1359 2258 correct;

100 2257 148 2290 sor
164 2257 220 2289 the
237 2268 436 2297 praenomen
452 2257 478 2288 S
503 2259 595 2302 irruas
611 2257 691 2289 does
706 2265 764 2290 not
779 2269 878 2292 occur
892 2270 1014 2300 among
1027 2260 1085 2292 the
1100 2259 1232 2297 Licinii,
1250 2261 1310 2292 but
1331 2259 1361 2292 is

100 2308 255 2330 common
269 2309 390 2339 among
405 2298 462 2330 the
497 2297 573 2330 οὼι.
