1507 2492
658 90 785 116 Linea
812 92 838 116 1.
1321 80 1373 115 69

121 165 170 200 ad
185 164 312 200 urbem
329 164 473 209 cognita
490 163 525 198 in
543 164 667 199 Tiberi
685 164 780 210 prius
797 175 901 210 pene,
921 174 1032 209 quam
1057 162 1215 198 nuntiari
1240 169 1372 208 posset,

121 212 300 258 insignem
330 211 517 245 victoriam
547 212 695 245 iecere.¹
746 212 798 246 Eo
828 211 962 257 proelio
990 211 1185 262 praecipua
1210 210 1373 290 equlitum

119 259 235 304 gloria
252 259 331 294 suit.
380 258 573 303 Utrimque
599 258 646 292 ab
672 259 840 293 cornibus
865 259 1010 309 positos,
1029 270 1110 292 curn
1129 270 1202 304 Jam
1223 268 1267 303 pe
1272 258 1374 291 l-lere

119 312 177 340 tur
203 306 325 340 media
353 305 515 356 peditum
542 316 687 339 suorum
713 306 823 348 acies,
853 306 900 339 ita
927 307 1118 339 incurrisse
1136 305 1182 339 ab
1200 304 1375 338 lateribus

119 352 249 398 serunt,
277 359 316 387 ut
343 364 411 387 non
442 352 608 386 sisterent
636 352 742 386 modo
769 353 920 387 Sabinas
945 352 1105 397 legiones
1130 351 1297 386 ferociter
1323 351 1374 385 in-

119 406 258 434 stantes
274 399 500 444 cedentibus,
520 400 583 433 sed
611 399 730 434 subito
758 401 794 434 in
813 400 936 444 sugam
962 406 1178 433 averterent.
1229 399 1375 432 Montes

119 446 235 481 effuso
268 458 374 481 cursu
410 446 532 480 Sabini
565 447 748 491 petebant,
783 454 818 481 et
855 447 961 498 pauci
1001 453 1170 491 tenuere5
1211 446 1375 480 maxima

119 504 212 539 pars,
240 499 278 528 ut
302 501 386 528 ante
412 492 551 527 dictum
578 500 644 535 est,
670 493 718 528 ab
744 494 927 545 equitibus
954 506 989 527 in
1017 494 1153 527 flumen
1182 494 1252 526 acti
1280 501 1373 526 sunt.

120 540 339 586 Tarquinius
370 541 578 575 instandum
613 541 809 585 perterritis
842 549 949 585 ratus,
980 540 1115 586 praeda
1147 540 1375 591 captivisque

119 587 272 622 Romam
292 588 422 632 missis,
450 587 574 638 spoli—is
600 587 757 621 hostium
784 587 836 632 (id
864 567 985 621 votu'm
1013 587 1174 621 Vulcano
1204 587 1296 631 erat)
1325 598 1375 620 in-

119 634 221 686 genti
238 635 383 669 cumulo
400 645 574 678 accensis,
596 646 682 679 per¹
686 635 710 668 it
734 646 834 680 porro
860 635 896 669 in
922 646 1047 679 agrurn
1074 634 1247 669 Sabinum
1275 644 1375 667 exer-

121 682 234 716 citum
254 681 444 726 inducere,
470 688 506 714 et
523 692 747 726 quamquam
765 681 860 715 male
886 691 989 727 gesta
1015 693 1072 715 res
1097 688 1182 725 erat,
1204 692 1270 714 nec
1295 692 1376 725 ges-

121 728 233 762 turos²
250 729 381 763 melius
398 739 542 780 sperare
561 735 734 773 poterant,
754 735 875 763 tamen
896 729 980 774 quia
999 728 1210 762 consulendi
1231 739 1297 761 res-
1307 738 1375 761 non

120 774 230 809 dabat
244 777 414 821 spatium,
429 786 502 809 iere
515 775 658 809 obviarn
674 775 794 810 Sabini
815 776 1047 810 tumultuario
1061 775 1213 809 milite:³
1230 776 1376 808 iterum-

120 833 191 868 que
209 822 258 857 ibi
279 822 356 857 fusi.
376 822 552 868 perditis
541 833 616 867 Jam
635 834 744 868 prope
765 822 880 866 rebus,
901 834 1028 868 pacem
1050 823 1198 874 petiere.

169 872 226 904 38.
252 870 429 914 Collatia‚⁴
446 875 482 903 et
500 869 673 914 quicquid
692 871 779 903 citra
803 850 993 904 Collatiam
1020 881 1095 914 agri
1123 876 1208 913 erat,
1238 868 1378 903 Sabinis

120 915 356 962 ademptum,
384 916 534 962 Egerius
552 916 687 960 (fratris
705 916 764 951 hic
783 916 879 951 filius
905 924 980 951 erat
1007 917 1117 962 regis)
1144 916 1316 950 Collatiae
1343 916 1378 950 in

121 964 300 1008 praesidio
318 963 476 998 relictus.
527 964 749 1009 Deditosque
770 964 970 998 Collatinos
989 964 1037 998 ita
1054 964 1202 1009 accipio,
1223 974 1378 1008 eamque

121 1010 316 1045 deditionis
329 1010 522 1045 formulam
540 1022 632 1045 esse.
671 1012 747 1045 Rex
766 1012 997 1056 interrogavit
1018 1011 1179 1045 ·Estisne
1193 1009 1378 1053 voslegati

120 1063 351 1103 oratoresque
368 1058 471 1092 missi
494 1069 516 1091 a
533 1057 664 1103 populo
683 1058 867 1102 Collatino,
888 1065 925 1092 ut
944 1070 1008 1092 vos
1033 1058 1279 1102 populumque
1299 1056 1377 1091 Col-

121 1103 271 1139 latinum
290 1105 573 1140 dederetis'l7—‘
587 1105 806 1139 Summas—⁴
822 1105 931 1139 Estne
950 1104 1103 1150 populus
1121 1104 1317 1138 Collatinus
1342 1103 1378 1138 in

121 1162 188 1185 sua
213 1152 492 1197 potestate3·⁵—
497 1152 607 1185 E-st.
611 1163 669 1176 —
663 1151 871 1185 Deditisne
901 1162 965 1185 vos
990 1150 1236 1197 populumque
1263 1150 1378 1185 Colla-

122 1197 249 1243 tinum,
288 1199 429 1243 urbem,
466 1209 579 1242 agros,
600 1209 755 1250 aquam.
785 1199 969 1243 terminos,
1005 1197 1165 1243 delubra,
1196 1198 1375 1242 utensilia,

120 1243 244 1279 divina
262 1244 493 1290 humanaque
511 1245 643 1288 omnia,
663 1256 699 1278 in
720 1256 843 1279 meam
869 1245 1066 1291 populique
1092 1225 1242 1280 Romani
1267 1245 1377 1279 dicio-

120 1302 229 1327 nem.
217 1292 244 1317 ’ἱ
247 1292 504 1326 —‘Dedimus.
511 1292 518 1311 ⁷
522 1272 643 1326 —⁴⁷At
656 1303 722 1336 ego
742 1292 901 1337 recipio.

167 1338 268 1373 Bello
286 1339 416 1374 Sabino
435 1339 594 1384 pei-[ecto
612 1339 832 1384 Tarquinius
851 1338 1076 1384 triumphans
1093 1340 1246 1378 Romam
1273 1338 1374 1373 redit.

120 1386 211 1421 Inde
226 1387 358 1421 Priscis
369 1386 521 1420 Latinis⁶
540 1386 674 1421 bellum
695 1386 793 1420 fecit.
844 1386 914 1421 Ubi
933 1397 1112 1431 nusquam
1126 1386 1170 1420 ad
1186 1387 1376 1420 universae

121 1434 170 1467 rei
189 1433 460 1468 dimicationem
474 1440 622 1467 ventum
638 1439 702 1478 est,
717 1433 762 1467 ad
781 1433 923 1478 singula
936 1433 1069 1478 oppida
1086 1432 1375 1468 circumferendo

120 1492 222 1515 arma
250 1492 358 1515 omne
388 1492 520 1515 nomen
550 1480 719 1514 Latinum
749 1480 901 1514 domuit.
952 1480 1195 1525 Corniculum,
1227 1480 1376 1514 Ficulea

120 1533 236 1572 vetuS,
256 1528 432 1571 Cameria,
460 1527 760 1571 Crustumerium,
779 1527 973 1571 Ameriola,
999 1527 1187 1571 Medullia,
1216 1527 1374 1561 Nomen-

120 1576 226 1619 tum,⁷
242 1573 335 1608 haec
353 1573 399 1608 de
427 1574 558 1609 Priscis
584 1574 722 1608 Latinis
747 1580 808 1607 aut
834 1574 895 1618 qui
920 1574 966 1608 ad
993 1574 1138 1608 Latinos
1163 1572 1374 1608 defecerant

120 1629 229 1667 capta
245 1621 388 1667 oppida.
439 1621 514 1656 Pax
532 1621 666 1655 deinde
685 1628 739 1654 est
757 1620 864 1654 facta.

164 1730 308 1763 ¹‘Made
334 1731 391 1762 the
417 1732 545 1771 victory
569 1732 813 1770 conspicuous,’
842 1742 878 1763 or
904 1731 1028 1771 ‘easily
1050 1731 1207 1769 known;'
1236 1731 1307 1762 that
1331 1732 1371 1768 is,

124 1777 133 1790 ⁴
144 1772 265 1811 clearly
281 1771 419 1803 showed
435 1772 483 1802 it.’

159 1814 173 1832 ²
186 1811 313 1851 Supply
328 1823 373 1848 se,
392 1822 433 1843 an
448 1811 606 1857 omission
622 1811 704 1842 with
721 1812 776 1843 the
793 1811 953 1843 infinitive
976 1811 1085 1843 which
1108 1811 1141 1842 in
1165 1811 1250 1851 Livy
1267 1811 1294 1842 is
1317 1818 1373 1842 not

68 1869 73 1873 -
121 1852 331 1890 unfrequem,
349 1852 432 1882 but
424 1862 451 1883 is
467 1862 537 1882 rare
554 1852 586 1882 in
604 1851 731 1882 Cicero.

161 1894 196 1911 ³⁶
209 1891 306 1923 With
321 1891 459 1922 soldiers
475 1891 597 1930 hastily
612 1892 726 1923 drawn
741 1891 918 1932 together,’
937 1892 971 1924 in
986 1891 1172 1931 opposition
1183 1898 1217 1922 to
1229 1901 1270 1922 an
1283 1901 1375 1930 army

123 1931 491 2002 regtgaggyvkegiptdnzrae
500 1932 728 2008 ititrgzizrisiigiicffi
747 1971 856 2003 below
873 1971 990 2008 Tibur,
1008 1982 1051 2002 on
1066 1971 1122 2002 the
1134 1971 1233 2002 Anio.

163 2011 278 2042 ⁵That
299 2011 340 2047 is,
369 2010 423 2041 ‘Is
446 2010 501 2041 the
525 2017 615 2041 town
637 2010 674 2042 of
693 2011 836 2043 Collatia
857 2011 1090 2051 independent,
1116 2021 1153 2042 so
1175 2011 1244 2042 that
1267 2010 1291 2041 it
1315 2020 1376 2041 can

124 2050 255 2090 dispose
271 2050 308 2081 of
318 2050 412 2081 itself
419 2051 443 2081 2‘

163 2092 176 2110 ⁶
190 2091 253 2122 See
269 2100 299 2129 p.
316 2093 366 2125 20,
385 2096 462 2121 note
478 2092 514 2127 1;
540 2089 603 2120 and
617 2090 792 2131 regarding
807 2091 862 2122 the
879 2091 1070 2129 expression
1083 2102 1194 2122 nomen
1203 2089 1374 2127 Latinum,

125 2130 233 2162 which
249 2140 365 2161 occurs
380 2130 414 2160 in
429 2130 485 2160 the
501 2113 579 2160 next
596 2138 763 2166 sentence,
782 2142 838 2162 see
854 2141 884 2170 p.
901 2134 952 2166 29,
972 2139 1048 2161 note
1065 2134 1094 2161 5.

163 2172 176 2189 ⁷
189 2170 249 2201 All
265 2170 358 2201 these
374 2170 484 2208 places
501 2179 587 2200 were
604 2170 746 2202 situated
763 2171 894 2210 beyond
910 2172 965 2202 the
983 2171 1083 2205 Anio,
1100 2171 1250 2201 between
1268 2168 1375 2199 Rome

125 2204 189 2241 and
204 2209 260 2240 the
277 2210 398 2241 Sabine
412 2210 582 2248 territory,
606 2210 797 2248 dcffeccrant,
813 2211 988 2246 therefore,
1008 2211 1034 2241 is
1045 2209 1175 2248 applied
1187 2215 1220 2238 to
1237 2208 1376 2253 Sabines

126 2249 203 2280 who
218 2248 282 2280 had
297 2249 450 2281 deserted
465 2256 498 2281 to
515 2249 570 2280 the
587 2248 686 2280 Latin
698 2249 825 2290 league.
872 2250 1102 2282 Nomentum
1095 2260 1123 2280 is
1139 2248 1194 2279 the
1211 2254 1298 2279 most
1313 2247 1374 2279 im-

125 2298 199 2329 por.
188 2295 257 2321 ant
268 2288 307 2321 of
316 2289 411 2322 these
426 2296 547 2327 towns,
566 2288 652 2321 and'
645 2299 673 2321 is
694 2290 885 2322 mentioned
900 2291 944 2330 by
961 2290 1048 2328 Livy
1064 2295 1097 2320 at
1119 2299 1139 2320 a
1160 2288 1244 2320 later
1264 2286 1377 2328 period
