1539 2508
127 97 202 134 130
667 109 702 133 T.
734 109 847 134 Livii.

121 188 187 227 est,
208 183 407 216 exercitum
427 182 604 216 Sabinum
630 182 932 227 praedabundum
959 182 1006 218 ad
1032 183 1215 218 Anienem
1240 193 1391 218 amnem

120 230 356 275 pervenisse3
392 229 438 263 ibi
466 229 600 274 passim
636 230 742 275 diripi
769 237 879 275 atque
910 229 1054 264 incendi
1086 230 1201 264 villas.
1252 229 1392 264 Missus

121 278 307 322 extemplo
342 288 383 310 eo
418 287 501 310 cum
537 277 706 310 omnibus
744 278 857 322 copiis
890 277 1052 321 equitum
1088 280 1131 312 A.
1168 277 1389 323 Postumius,

121 324 183 370 qui
217 325 368 358 dictator
402 323 497 358 bello
534 324 658 358 Latino
693 323 832 359 suerat:
871 331 1019 358 secutus
1054 324 1178 358 consul
1217 323 1392 358 Servilius

121 383 202 406 cum
234 372 378 406 delecta
409 370 571 416 peditum
600 383 723 406 manu.
776 372 972 417 Plerosque
999 371 1164 417 palantes
1191 382 1306 417 eques
1323 371 1390 405 cir-

121 420 318 454 cumvenit.
371 420 451 453 Nec
477 418 688 453 advenienti
723 419 889 464 peditum
923 419 1058 463 agmini
1093 419 1222 453 restitit
1257 418 1391 452 Sabina

122 466 236 511 legio:
272 466 357 500 sessi
394 477 477 500 cum
509 466 647 510 itinere,
680 472 756 500 tum
784 466 1013 511 populatione
1041 472 1225 511 nocturna,
1257 476 1391 510 magna

120 525 204 560 pars
230 514 264 548 in
292 513 386 548 villis
413 512 539 558 repleti
566 513 646 548 cibo
672 514 838 559 vinoque>
858 513 920 548 vix
938 512 1046 558 fugae
1065 512 1160 559 quod
1179 513 1267 547 satis
1292 517 1390 547 esset

121 561 253 595 virium
273 560 461 595 habuere.¹

168 609 285 643 Noc-te
313 620 385 642 una
409 607 534 642 audito
562 607 800 653 perfectoque
834 607 929 642 bello
963 607 1105 652 Sabim,
1141 612 1282 652 postero
1315 606 1388 651 die,

122 655 157 690 in
190 667 323 700 magna
355 655 432 701 jam
466 667 530 701 spe
564 655 725 701 undique
761 661 884 701 partae
919 655 1029 700 pacis,
1064 654 1175 700 legati
1214 654 1390 688 Aurunci²

121 710 288 737 senatum
323 703 470 747 adeunt,
507 703 541 737 ni
583 702 784 736 decedatur
819 702 948 736 Volsco
984 713 1080 747 agro,
1117 702 1255 736 bellum
1297 701 1389 736 indi-

120 756 258 784 centes.
323 751 415 785 Cum
448 750 579 795 legatis
612 749 722 784 simul
763 750 946 784 exercitus
987 752 1238 784 Auruncorum
1281 748 1389 783 domo

119 797 305 843 profectus
331 804 419 831 erat.
471 798 584 843 Cujus
610 797 708 831 sama
736 796 832 831 haud
860 797 984 842 procul
1007 796 1083 842 jam
1109 796 1156 830 ab
1178 796 1302 830 Aricia
1320 796 1389 831 visi

121 851 222 878 tanto
263 845 423 879 tumultu
465 845 621 878 concivit
664 845 856 889 Romanos7
894 851 931 878 ut
972 856 1041 878 nec
1083 843 1222 878 consuli
1262 843 1389 878 ordine

120 891 274 935 Patres,a
305 903 374 926 nec
408 899 578 938 pacatum
614 902 826 936 responsum
861 902 964 925 arma
1005 890 1247 925 inferentibus
1286 902 1389 925 arma

120 939 187 985 ipsi
213 940 403 984 capientes
431 939 518 973 dare
546 945 706 984 possent.
758 938 920 973 Ariciam
955 937 1086 972 infesto
1119 939 1267 983 agmine
1296 938 1388 983 itur5

120 997 188 1020 nec
207 986 331 1031 procul
358 985 441 1020 inde
466 998 551 1020 cum
577 986 759 1020 Auruncis
784 985 888 1031 signa
913 985 1053 1031 collata⁷
1081 985 1288 1031 proelioque
1317 996 1388 1020 uno

120 1033 346 1068 debellatum
366 1039 431 1067 est.
1372 1036 1376 1039 '

170 1083 227 1114 27.
271 1080 378 1114 Fusis
416 1080 605 1124 Auruncis
640 1081 755 1114 victor
789 1085 838 1114 tot
872 1080 964 1114 intra
997 1091 1134 1126 paucos
1166 1079 1245 1114 dies
1281 1079 1390 1114 bellis

119 1127 303 1162 Romanus
337 1127 512 1172 promissa
546 1127 706 1161 consulis
747 1127 932 1172 fidemque
974 1135 1123 1162 senatus
1159 1126 1387 1172 expectabat,

120 1186 205 1209 cum
238 1175 380 1220 Appius
413 1180 449 1208 et
484 1174 593 1208 insita
627 1174 798 1219 superbia
830 1175 964 1219 animo,
994 1181 1030 1208 et
1063 1180 1102 1208 ut
1136 1173 1298 1218 collegae
1327 1185 1389 1207 va-

119 1234 205 1256 nam
225 1221 362 1256 faceret
388 1222 511 1266 fidem⁷
541 1233 653 1267 quam
679 1222 880 1267 asperrime
908 1227 1058 1267 poterat,
1086 1221 1144 1266 jus
1169 1221 1216 1255 de
1241 1220 1391 1256 creditis

119 1269 286 1315 pecuniis
303 1269 456 1303 dicere!
506 1269 704 1314 Deinceps⁵
722 1276 757 1302 et
783 1269 845 1314 qui
872 1276 957 1303 ante
984 1269 1068 1303 nexi
1095 1268 1247 1312 fuerant,
1276 1267 1390 1302 credi-

120 1316 258 1350 toribus
300 1316 544 1360 tradebantur,
581 1322 617 1349 et
658 1316 898 1350 nectebantur
934 1315 1008 1350 alii.
1075 1315 1177 1353 Quod
1212 1315 1273 1350 ubi
1316 1315 1391 1349 cui‘⁵

119 1363 229 1398 militi
264 1363 451 1404 inciderat,
487 1363 667 1406 collegam
701 1363 931 1408 appellabat3
965 1374 1162 1397 concursus
1193 1362 1239 1396 ad
1273 1362 1390 1396 Servi-

119 1410 209 1445 lium
251 1410 384 1449 fiebat:
428 1410 524 1444 illius
564 1410 743 1454 promissa
783 1410 978 1455 jactabant,
1023 1410 1089 1444 illi⁷
1123 1409 1390 1454 exprobrabant

120 1469 187 1492 sua
205 1457 359 1503 quisque
377 1457 465 1492 belli
485 1458 616 1491 merita
634 1457 895 1502 cicatricesque
921 1464 1104 1502 acceptas.
1155 1456 1391 1491 Postulabant

119 1510 160 1540 ut
178 1513 240 1539 aut
259 1505 408 1539 referret
427 1504 472 1539 ad
492 1511 670 1546 senatum,
690 1510 751 1538 aut
771 1511 807 1538 ut
826 1504 959 1538 auxilio
978 1511 1074 1538 esset
1099 1504 1223 1538 consul
1249 1504 1392 1538 civibus

120 1552 206 1596 suis,
235 1552 430 1598 imperator
463 1551 666 1586 militibus.³
716 1552 919 1586 Movebant
953 1551 1141 1586 consulem
1176 1551 1292 1596 hae03
1326 1550 1392 1586 sed

120 1599 354 1644 tergiversari
386 1611 442 1634 res
470 1599 644 1644 cogebat:
679 1600 772 1633 adeo
808 1599 841 1634 in
868 1599 1020 1634 alteram
1047 1610 1197 1633 causam
1224 1609 1293 1633 non
1319 1597 1392 1633 col-

120 1646 205 1692 lega
234 1647 352 1682 solum
377 1658 557 1693 praeceps
583 1647 701 1692 ierat,¹³
726 1646 788 1681 sed
816 1647 934 1681 omnis
960 1647 1070 1681 factio
1096 1646 1287 1681 nobilium.
1337 1646 1394 1681 Ita

165 1762 175 1779 ¹
193 1764 200 1777 ‘
214 1760 313 1799 They
327 1760 390 1791 had
406 1759 554 1799 scarcely
571 1770 606 1791 as
623 1760 723 1791 much
739 1759 891 1800 strength
907 1770 943 1790 as
959 1759 1098 1790 sufficed
1114 1759 1163 1790 for
1177 1759 1296 1799 flight.‘

164 1801 177 1819 ²
191 1800 254 1831 See
272 1801 303 1831 ii.
324 1803 372 1835 16,
393 1811 423 1839 p.
444 1803 513 1836 119,
534 1808 610 1831 note
626 1802 655 1831 4.

163 1842 175 1860 ³
191 1844 199 1857 ¹
215 1840 290 1871 The
307 1848 457 1871 senators
473 1840 571 1871 could
588 1848 641 1871 not
660 1842 699 1871 be
717 1839 821 1871 asked
839 1840 923 1871 their
939 1840 1090 1878 opinions
1104 1839 1137 1870 in
1153 1839 1271 1871 order)

163 1881 175 1898 ¹
189 1880 314 1915 Dicere,
335 1881 501 1911 historical
518 1880 678 1911 infinitivo
695 1880 743 1911 for
760 1882 890 1915 dicebat,
915 1879 1100 1918 dependant
1123 1890 1166 1911 on
1181 1891 1260 1911 cnm.
1305 1880 1392 1912 This

125 1921 351 1952 construction
367 1920 403 1950 of
421 1921 477 1951 the
501 1921 668 1951 historical
692 1921 853 1952 infinitive
877 1920 957 1951 with
981 1931 999 1950 a
1021 1920 1233 1959 conjunctior]
1255 1921 1283 1952 is
1305 1931 1389 1959 rare,

123 1963 184 1993 but
198 1971 313 1992 occurs
330 1961 523 1991 sometimes
540 1961 571 1991 in
587 1961 671 2000 Livy
688 1962 751 1992 and
769 1961 919 1992 Tacitus.
968 1961 1076 1991 Gram.
1095 1960 1112 1993 ᾗ
1130 1962 1202 1997 390,
1221 1969 1309 1992 note.

166 2003 179 2020 ⁶
195 2005 203 2018 ‘
217 2000 462 2037 Successivelv‚
482 2011 544 2030 one
561 2000 643 2031 after
661 2001 716 2031 the
734 2001 855 2037 other‚’
875 2008 929 2032 not
941 2002 1108 2031 :danda

176 2041 254 2073 ⁵Cui
272 2040 320 2072 for
335 2042 446 2075 alicui.
467 2040 522 2070 the
539 2042 586 2071 ali
602 2041 700 2080 being
717 2041 861 2080 dropped
885 2041 968 2073 after
992 2041 1047 2072 the
1070 2040 1293 2080 conjunction.
1339 2042 1392 2073 As

125 2088 160 2113 to
176 2082 243 2113 this
256 2091 353 2112 sense
370 2080 587 2120 ofappellare,
607 2091 661 2111 see
680 2082 699 2111 i.
718 2084 768 2117 40,
788 2092 818 2120 p.
836 2085 886 2115 72,
906 2089 981 2113 note
997 2083 1026 2112 4.

165 2123 177 2140 ⁷
196 2124 245 2153 As
261 2130 295 2152 to
311 2121 376 2151 this
393 2120 560 2158 emphatic
576 2131 634 2151 use
651 2121 688 2151 of
700 2123 765 2155 ille,
786 2132 841 2152 see
860 2122 994 2161 Zumpt,
1014 2121 1031 2154 ὑ
1048 2124 1117 2153 702.

165 2163 177 2180 ⁸
191 2162 266 2193 The
284 2172 376 2193 same
390 2171 468 2192 man
483 2160 571 2197 who,
591 2171 626 2191 as
644 2172 662 2191 a
678 2161 821 2199 civilian,
836 2163 863 2193 is
875 2165 998 2199 consul,
1014 2162 1085 2193 isin
1097 2160 1242 2202 military
1255 2168 1393 2194 matters

217 2214 232 2232 Γ
289 2214 314 2233 Γ.

131 2209 285 2273 υγξρῑῧίἕὲῗ
299 2241 337 2273 of
354 2241 411 2272 the
429 2241 649 2280 manuscripts
672 2241 756 2272 have
776 2242 990 2283 praeceperat,
1017 2241 1126 2273 which
1150 2242 1270 2273 admits
1293 2243 1332 2274 of
1349 2254 1393 2274 no

126 2282 336 2321 satisfactory
358 2281 580 2320 explanation.
624 2281 783 2322 Praeceps
807 2285 888 2314 ierat
911 2284 939 2313 is
962 2293 982 2313 a
1002 2283 1205 2321 conjecture,
1231 2283 1312 2314 with
1334 2283 1392 2315 the

127 2332 237 2360 sense,
260 2326 268 2340 ‘
279 2322 345 2354 had
360 2321 506 2362 plunged
528 2320 693 2362 headlong
709 2322 906 2363 (regardless
921 2321 960 2354 of
969 2327 1229 2362 consequences)
1244 2323 1314 2356 into
1335 2323 1393 2355 the
