1539 2508
105 114 185 149 320
651 124 686 150 Τ.
720 125 835 151 mvii.

151 202 209 233 43.
238 198 417 234 Hannibal
445 204 637 244 postquam
664 205 782 235 motos
815 200 935 246 magis
960 201 1163 238 inconsulte
1191 202 1371 240 Romanos

103 257 215 291 quam
233 246 279 281 ad
300 246 468 281 ultimum
497 253 637 281 temere
655 254 806 282 evectos
824 248 924 295 vidit,
943 250 1203 298 nequicquam,
1221 250 1372 287 detecta

104 293 243 339 fraude,
274 294 307 328 in
341 302 459 328 castra
494 293 610 328 rediit.
674 294 727 329 lbi
760 295 884 341 plures
916 296 997 332 (lies
1056 305 1174 345 ropter
1207 298 1370 346 inopiam

102 341 274 376 frumenti
310 353 458 376 manere
493 341 688 387 nequibat;
723 354 890 389 novaque
923 309 1078 380 consilia
1111 347 1148 381 in
1181 345 1263 381 dies
1296 357 1369 382 non

101 388 196 435 apud
225 389 362 423 milites
389 389 508 423 solum
535 389 667 423 mixtos
693 401 738 424 ex
765 391 971 428 colluvione
996 393 1163 428 omnium
1187 394 1366 441 gentium,

101 436 164 470 sed
193 437 304 471 etiam
331 436 427 482 apud
456 437 589 471 ducem
618 437 738 483 ipsum
765 439 987 475 oriebantur.
1039 442 1137 476 Nam
1160 452 1248 476 cum
1265 441 1367 477 initio

101 484 282 529 fremitus,
302 483 437 518 deinde
463 491 591 530 aperta
610 485 821 520 vociferatio
848 487 979 523 fuisset
1006 489 1285 534 exposcentium
1303 489 1367 525 sti-

100 531 274 578 pendium
316 531 484 567 debitum
527 533 837 580 querentiumque
880 537 1078 571 annonam¹
1122 536 1250 582 primo,
1284 548 1366 583 pos-

100 588 216 614 tremo
260 579 410 626 samem,
446 586 482 614 et
525 582 772 615 mercenarios
813 582 961 629 milites,
1006 583 1170 619 maximo
1210 584 1365 638 Hispani

98 627 252 672 generis,
281 627 328 661 de
364 628 576 662 transitione
610 629 754 674 cepisse
787 630 979 666 consilium
1016 631 1116 666 sarna
1148 637 1258 679 esset,
1285 643 1365 679 ipse

98 675 209 709 etiarn
245 675 426 710 interdum
456 675 637 710 Hannibal
672 676 719 711 de
754 676 841 722 suga
877 678 910 713 in
937 678 1096 714 Galliam
1129 678 1262 715 dicitur
1286 680 1364 726 agi-

98 729 205 767 tasse,
234 722 282 756 ita
309 729 346 756 ut
376 722 498 757 relicto
526 723 690 769 peditatu
723 726 823 759 omni
859 737 946 761 cum
973 727 1159 773 equitibus
1183 738 1224 762 se
1250 728 1362 775 prori-

98 776 212 815 peret.
264 770 355 805 Cum
376 770 468 805 haec
487 771 638 805 consilia
654 778 766 817 atque
791 772 849 808 liic
877 772 1023 809 habitus
1039 775 1248 812 animorum
1265 782 1365 812 esset

97 818 133 852 in
159 817 298 863 castris,
326 829 474 853 movere
501 818 586 853 inde
615 820 742 853 statuit
770 820 804 854 in
831 821 1007 857 calidiora
1031 828 1144 869 atque
1170 833 1215 858 eo
1241 830 1362 859 matu-

98 865 188 899 riora
213 865 411 900 messibus²
438 866 593 912 Apuliae
620 866 709 909 loca,
729 867 837 902 simul
867 876 914 915 ut,
935 881 1006 915 quo
1033 870 1176 915 longius
1191 869 1241 906 ab
1257 870 1364 907 hoste

98 913 319 959 recessisset,
356 913 557 958 transfugia
590 913 819 960 impeditiora
859 915 1004 951 levibus
1036 917 1193 962 ingeniis
1225 925 1362 954 essent.

97 960 286 995 Profectus
310 967 365 995 est
393 968 509 1006 nocte,
540 961 687 1005 ignibus
714 962 881 997 similiter
907 963 1014 999 sactis
1040 965 1363 1013 tabernaculisque

96 1008 223 1053 paucis
248 1007 284 1042 in
312 1008 478 1053 speciem
513 1009 660 1055 relictis,
687 1015 727 1044 ut
762 1010 975 1047 insidiarum
1010 1023 1074 1058 par
1101 1012 1206 1059 priori
1240 1021 1364 1050 metus

95 1056 296 1090 contineret
324 1056 517 1091 Romanos.
569 1056 640 1091 Sed
674 1068 738 1102 per
763 1057 924 1093 eundem
955 1059 1144 1095 Lucanum
1180 1060 1363 1097 Statilium

95 1104 264 1138 omnibus
290 1103 384 1138 ultra
409 1113 529 1138 castra
555 1110 729 1150 transque
756 1113 900 1141 montes
925 1107 1132 1153 exploratis,
1157 1119 1241 1144 curn
1270 1109 1362 1145 rela-

95 1156 172 1186 tum
192 1158 290 1185 esset
309 1151 430 1186 visum
450 1151 574 1197 procul
600 1151 762 1187 hostium
787 1164 932 1199 agmen,
953 1161 1030 1189 tum
1058 1154 1105 1190 de
1131 1155 1362 1202 insequendo

95 1209 138 1232 eo
164 1198 314 1233 consilia
338 1199 467 1244 agitari
494 1206 636 1245 coepta.
688 1200 780 1235 Cum
809 1201 999 1248 utriusque
1026 1203 1189 1238 consulis
1214 1204 1359 1251 eadem,

93 1257 189 1292 quae
222 1253 308 1281 ante
344 1258 491 1293 semper
525 1247 663 1294 suisset,
691 1249 885 1292 sententia,
913 1256 1081 1286 ceterum
1107 1250 1256 1287 Varroni
1283 1251 1361 1288 fere

94 1305 232 1339 ornnes,
270 1294 395 1329 Paullo
439 1306 546 1329 nemo
590 1301 733 1341 praeter
767 1296 962 1332 Servilium
996 1298 1124 1345 prioris
1156 1299 1243 1334 anni
1276 1311 1361 1336 con-

93 1341 212 1376 sulem
238 1343 485 1388 assentiretur,
514 1343 663 1389 majoris
689 1344 802 1389 partis
826 1346 1010 1380 sententia
1034 1345 1082 1381 ad
1116 1346 1362 1384 nobilitandas

93 1389 198 1423 clade
231 1390 396 1424 Romana
429 1390 583 1436 Cannas,
612 1397 763 1436 urgente
798 1391 882 1437 sato,
910 1392 1065 1438 profecti
1098 1400 1193 1430 sunt.
1245 1395 1360 1442 Prope

93 1447 179 1471 eum
214 1437 336 1472 vicum
370 1437 552 1472 Hannibal
595 1445 715 1474 castra
753 1446 923 1485 posuerat
953 1451 1085 1476 aversa
1124 1452 1148 1476 a
1181 1441 1360 1478 Vulturno

91 1485 229 1530 vento,³
261 1485 322 1531 qui
354 1486 497 1531 campis
527 1486 668 1521 torridis
702 1486 870 1522 siccitate
904 1488 1024 1524 nubes
1056 1488 1218 1536 pulveris
1242 1490 1358 1527 vehit.

92 1531 133 1567 Id
159 1543 246 1567 cum
272 1533 360 1579 ipsis
385 1535 515 1568 castris
533 1534 836 1579 percommodum
866 1534 943 1579 suit,
964 1541 1042 1572 tum
1069 1536 1229 1573 salutare
1255 1549 1359 1586 prae-

91 1579 200 1626 cipue
226 1580 388 1616 futurum
415 1587 502 1626 erat,
523 1592 609 1616 cum
635 1582 758 1617 aciem
782 1583 996 1629 dirigerent,
1011 1584 1080 1631 ipsi
1105 1586 1236 1632 aversi,
1256 1592 1360 1633 terga

92 1633 234 1662 tantum
260 1628 409 1664 afflante
428 1635 547 1675 vento,
566 1629 602 1664 in
628 1635 868 1665 occaecatum
893 1630 1045 1678 pulvere
1070 1632 1188 1668 effuso
1213 1633 1360 1671 hostem

91 1676 314 1720 pugnaturi.⁴

91 1755 230 1787 soldiers
247 1758 396 1793 (ambitio)
414 1757 490 1794 had,
510 1759 555 1798 by
571 1769 687 1799 wrong
711 1758 923 1799 indulgence.
942 1760 1014 1793 first
1030 1761 1250 1797 undermined
1273 1765 1361 1799 their

90 1804 220 1835 respect
250 1797 298 1828 sor
316 1797 454 1830 himself
479 1799 556 1835 (and
583 1798 778 1831 afterwards
802 1800 933 1840 injured
962 1802 1018 1834 the
1046 1802 1213 1836 influence
1239 1805 1278 1838 of
1306 1807 1359 1840 his

91 1837 262 1877 colleague
279 1837 386 1871 also).⁷

131 1879 140 1896 ¹
159 1881 166 1894 ‘
181 1877 417 1919 Complaining
440 1879 478 1911 of
495 1879 551 1912 the
576 1879 735 1912 dearness
754 1880 792 1913 os
809 1882 922 1914 corn:'
940 1884 1034 1923 queri
1055 1885 1199 1925 aliquam
1223 1897 1287 1918 rem
1308 1887 1360 1920 for

90 1919 183 1957 queri
198 1920 237 1950 de
251 1920 362 1959 aliqua
379 1920 453 1951 reis
478 1928 533 1951 not
558 1931 772 1953 uncommon.
817 1922 963 1954 Annona
987 1923 1015 1955 is
1039 1925 1194 1965 properly
1210 1937 1230 1958 a
1245 1929 1358 1967 year’s

90 1958 234 1997 produce
252 1959 285 1990 in
301 1959 405 1999 grain,
422 1960 485 1992 and
502 1961 583 1992 then
599 1961 655 1993 the
669 1962 854 2002 cheapness
870 1973 907 1995 or
920 1963 1078 1996 dearness
1095 1975 1302 2006 consequent
1314 1979 1359 2001 on

91 2008 131 2030 an
147 1998 315 2030 abundant
329 2010 366 2031 or
381 2010 461 2039 poor
477 2001 624 2033 harvest.
667 2002 753 2034 Cara
765 2015 910 2041 annona,
927 2005 1183 2046 consequently‚
1198 2017 1236 2040 or
1247 2019 1356 2042 some-

90 2039 200 2075 times,
220 2050 256 2071 as
273 2039 364 2075 here,
384 2040 507 2080 simply
523 2054 667 2080 annona,
687 2044 714 2074 is
735 2047 742 2060 ¹
755 2043 938 2077 dearness.'
985 2044 1024 2077 In
1041 2056 1061 2077 a
1075 2046 1203 2079 similar
1218 2058 1358 2082 manner

90 2081 249 2116 valetudo,
276 2080 429 2120 properly
457 2081 533 2113 ‘the
557 2090 643 2114 state
667 2083 704 2115 of
722 2084 862 2121 health,’
888 2086 1079 2127 commonly
1102 2097 1230 2127 means,
1256 2090 1358 2123 when

90 2119 146 2150 the
163 2121 322 2152 attribute
338 2123 417 2152 bona
434 2121 461 2152 is
478 2129 534 2153 not
550 2123 649 2162 given
667 2131 700 2155 to
717 2125 753 2162 it,
777 2128 784 2141 ‘
799 2125 863 2157 bad
879 2125 1017 2158 health.’

129 2161 141 2178 2
158 2164 165 2176 ‘
179 2160 306 2192 Earlier
322 2161 369 2192 for
385 2161 441 2193 tlte
465 2161 618 2194 harvests
631 2164 652 2201 ς’
671 2164 742 2196 that
767 2165 806 2203 is,
826 2166 938 2205 places
961 2167 995 2198 in
1010 2167 1122 2200 which
1137 2168 1196 2201 the
1217 2169 1355 2204 harvest

90 2209 182 2231 came
199 2211 242 2232 on
257 2212 386 2233 sooner.

112 2240 142 2310 ς’
156 2241 250 2312 '111¹heG
247 2242 344 2313 usussl
361 2253 457 2274 name
475 2243 508 2274 in
524 2243 612 2284 Italy
629 2243 678 2276 sor
693 2245 750 2277 the
773 2247 967 2280 south-east
983 2247 1095 2288 wind3
1119 2249 1177 2282 the
1192 2255 1357 2291 Εὐρύνοτος

90 2289 109 2310 o
145 2288 155 2311 1
184 2292 202 2311 e
255 2292 308 2313 ree
338 2293 364 2314 s.

128 2320 292 2364 f‘When
318 2322 399 2363 they
421 2323 543 2356 should
569 2335 698 2371 engage
721 2327 803 2358 with
827 2327 883 2360 the
909 2338 1044 2370 enemy,
1069 2329 1148 2363 who
1169 2330 1284 2366 would
1311 2332 1354 2364 be

90 2358 226 2393 blmded
241 2362 286 2401 by
303 2361 359 2395 the
376 2363 453 2395 dust
471 2365 584 2396 blown
599 2372 729 2406 against
744 2367 862 2399 them.'
