1507 2492
700 106 825 131 mann
855 107 896 132 11.
1303 83 1307 86 ’
1381 101 1452 137 171

189 179 310 224 modo,
337 178 403 213 sed
429 185 595 224 apertam
623 181 783 225 speciem
819 180 1002 215 obversari
1029 187 1114 215 ante
1139 182 1274 217 oculos.
1326 184 1454 221 Victus

189 227 351 266 taudem,
377 226 673 272 quandoquidem
705 227 793 262 nihil
824 236 966 273 praeter
994 235 1140 274 tempus
1175 232 1304 264 noxae¹
1338 231 1451 267 lucra-

187 280 320 318 rentur⁷
359 273 514 307 remissa
555 277 720 308 contione
763 276 831 310 iter
865 276 896 308 in
933 276 1187 321 insequentem
1230 277 1329 312 diem
1375 291 1450 323 pro·

186 321 339 356 nuntiari
374 332 459 355 cum
487 321 664 366 jussisset,
693 324 810 367 prima
844 323 924 356 luce
954 323 1106 358 classico
1136 325 1278 368 signum
1310 326 1449 371 prosec-

185 369 292 403 tionis
323 367 436 402 dedit.
488 369 578 403 Cum
615 371 776 404 maxime
810 382 942 413 agmen
974 382 995 404 e
1029 371 1157 405 castris
1190 372 1445 421 explicaretur,

184 415 306 450 Volsci
337 422 375 449 ut
405 415 536 450 eodem
567 417 669 461 signo
703 418 850 451 excitati
882 419 1111 452 novissimos²
1142 419 1363 454 adoriuntur.
1414 425 1448 458 A

183 463 316 509 quibus
346 462 506 508 perlatus
533 463 577 497 ad
611 464 743 508 primos
769 465 948 499 tumultus
976 477 1019 499 eo
1050 477 1180 510 pavore
1204 468 1379 512 signaque
1409 476 1446 504 et

182 511 327 545 ordines
362 509 529 555 turbavit,
557 517 594 544 ut
629 522 746 556 neque
781 513 931 556 imperia
964 513 1138 558 exaudiri,
1166 525 1285 559 neque
1320 516 1446 552 instrui

182 559 284 592 acies
317 565 460 602 posset:
497 569 604 591 nemo
639 558 748 592 ullius
781 561 848 593 nisi
883 560 990 603 fugae
1027 572 1178 595 mernor.
1244 562 1295 596 lta
1329 562 1444 598 effuso

182 606 331 649 agmine
372 616 436 650 per
469 612 625 647 stragem
671 617 857 651 corporum
903 609 1177 653 armorumque³
1210 620 1369 645 evasere.
1407 618 1445 646 ut

182 653 282 698 prius
311 651 424 686 hostis
452 652 645 686 desisteret
674 654 785 698 sequi7
814 665 921 698 quarn
950 655 1133 689 Romanus
1162 655 1298 699 fugere.
1350 658 1444 692 Tan-

181 700 267 734 dem
287 699 451 734 collectis
476 711 520 734 ex
546 700 720 744 dissipato
747 711 855 734 cursu
882 701 1067 745 militibus.
1089 703 1212 737 consul
1240 715 1321 738 cum
1345 716 1443 739 revo-

181 746 298 780 cando
333 747 578 792 nequicquam
614 758 698 780 suos
731 755 948 794 persecutus
981 755 1088 792 esset⁷
1126 749 1159 783 in
1195 758 1324 795 pacato
1357 763 1443 791 agro

181 801 299 828 castra
333 794 472 838 posuit;
515 794 766 840 advocataque
810 795 978 829 contione
1021 795 1187 830 invectus
1220 796 1315 832 haud
1351 798 1442 833 falso

180 841 214 875 in
251 841 467 887 proditorem
504 842 705 875 exercitum
750 842 917 876 militaris
957 843 1181 888 disciplinae,
1218 845 1442 881 desertorem

180 888 375 933 signorum,
409 888 471 922 ubi
514 889 626 932 signa,
663 889 723 923 ubi
765 901 866 923 arma
908 897 1040 932 essent,
1077 891 1238 935 singulos
1271 893 1440 939 rogitans,

179 936 338 970 inermes
363 935 506 979 milites,
525 936 627 980 signo
652 936 788 970 amisso
815 937 1017 981 signiferos,
1045 937 1089 971 ad
1118 937 1185 972 hoc
1212 941 1443 976 centuriones

179 982 514 1029 dupliciariosque‚⁴
532 983 594 1028 qui
615 983 833 1028 reliquerant
858 984 1014 1029 ordines⁷
1035 985 1148 1030 virgis
1172 998 1299 1020 caesos
1325 988 1442 1023 securi

178 1031 370 1077 percussit.
421 1030 550 1064 Cetera
570 1031 763 1064 multitudo
790 1038 884 1065 sorte
911 1032 1079 1066 decimus
1104 1033 1258 1079 quisque
1283 1034 1331 1068 ad
1357 1046 1439 1081 sup-

178 1077 330 1123 plicium
351 1077 447 1111 lecti.

226 1127 281 1158 60.
310 1124 441 1158 Contra
459 1135 503 1157 ea
522 1124 554 1158 in
576 1124 713 1169 Aequis
731 1124 824 1158 inter
841 1125 1028 1159 consulem
1047 1138 1090 1160 ac
1109 1127 1244 1160 milites
1268 1128 1440 1163 comitate

179 1182 222 1205 ac
248 1170 436 1205 beneficiis
462 1178 639 1204 certaturn
669 1178 735 1204 est.
790 1172 834 1205 Et
863 1179 989 1206 natura
1009 1173 1177 1210 Quintius
1203 1182 1279 1208 erat
1306 1174 1440 1221 lenior;

179 1224 215 1252 et
245 1218 397 1252 saevitia
427 1216 555 1251 infelix
584 1217 756 1261 collegae,
784 1229 855 1262 quo
886 1220 914 1252 is
944 1220 1061 1264 magis
1086 1220 1261 1263 gauderet
1298 1222 1439 1267 ingenio

179 1277 255 1309 suo,
283 1264 468 1299 effecerat.
519 1264 614 1298 Huic
643 1270 764 1297 tautae
793 1266 1008 1300 concordiae
1044 1267 1147 1301 ducis
1181 1269 1438 1315 exercitusque

178 1324 249 1347 nou
275 1312 352 1346 ausi
379 1310 508 1345 offerre
536 1322 574 1345 se
594 1312 710 1356 Aequi
730 1315 851 1353 vagari
880 1314 1178 1359 populabundum
1206 1315 1346 1351 hostem
1375 1329 1440 1363 per

178 1371 284 1405 agros
301 1358 410 1405 passi.
461 1359 540 1392 Nec
568 1358 638 1392 ullo
665 1364 749 1393 ante
776 1359 871 1394 bello
898 1361 1006 1394 latius
1033 1362 1116 1395 inde
1135 1369 1239 1396 actae
1259 1364 1438 1410 praedae5

178 1407 237 1441 ea⁵
269 1407 386 1440 omnis
419 1406 523 1439 militi
555 1406 640 1439 data
673 1412 740 1440 est.
792 1407 1031 1443 Addebantur
1065 1416 1099 1442 et
1134 1409 1270 1454 laudes,
1305 1411 1438 1456 quibus

179 1453 274 1488 haud
307 1454 428 1487 minus
455 1464 564 1498 quam
600 1454 759 1498 praemio
788 1455 947 1498 gaudent
981 1455 1137 1490 rnilitum
1167 1458 1290 1492 animi.
1344 1459 1437 1494 Cum

178 1500 273 1545 duci,
293 1509 370 1535 tum
390 1507 533 1546 propter
550 1500 683 1534 ducem
710 1501 876 1535 Patribus
900 1513 1044 1547 quoque
1063 1503 1238 1548 placatior
1255 1507 1437 1540 exercitus

220 1617 230 1634 ¹
243 1615 350 1650 Nota,
369 1616 400 1646 in
419 1627 436 1646 a
452 1626 521 1646 rare
538 1626 647 1651 sense,
671 1620 678 1632 ‘
692 1616 936 1654 punishment‚’
956 1628 974 1648 a
987 1628 1215 1656 consequence
1229 1618 1266 1649 of
1283 1619 1378 1658 guilt‚
1398 1630 1434 1651 as

179 1656 212 1687 in
230 1655 284 1686 the
301 1657 511 1695 expressions
528 1668 628 1687 noxae
642 1658 754 1687 dedere
775 1659 912 1695 aliquem
935 1659 1035 1688 alicui
1057 1657 1117 1689 and
1141 1670 1253 1689 noxam
1270 1661 1383 1691 mereri
1402 1660 1435 1691 in

181 1696 278 1735 Livy,
298 1697 387 1727 xxvi.
405 1699 455 1731 29,
473 1696 535 1727 and
558 1697 624 1726 viii.
643 1699 702 1727 28:
729 1708 765 1728 so
788 1697 858 1728 that
882 1697 938 1728 the
961 1698 1055 1729 three
1081 1709 1197 1730 senses
1221 1698 1258 1729 of
1274 1711 1357 1731 noxa
1378 1710 1432 1731 are

183 1736 324 1775 'injury‚
343 1737 438 1776 guilt,
458 1736 694 1775 punishment.’

219 1777 231 1794 ²
247 1781 254 1793 ⁴
269 1776 342 1808 The
362 1777 445 1808 last.'

218 1819 230 1836 ²³
247 1820 254 1833 ⁴
269 1817 380 1856 Heaps
397 1816 434 1847 of
452 1827 528 1847 men
544 1816 605 1847 and
623 1827 710 1847 arms
727 1816 818 1856 lying
833 1827 874 1848 on
890 1818 946 1849 the
969 1818 1128 1858 ground:'
1154 1818 1210 1850 the
1233 1830 1309 1851 men
1325 1820 1432 1860 might

180 1864 235 1888 not
252 1858 293 1888 be
309 1857 404 1892 dead,
424 1858 480 1888 but
499 1857 624 1895 merely
641 1857 835 1888 exhausted.

219 1897 356 1928 ⁴'I'hree
379 1897 479 1928 forms
503 1897 540 1927 of
559 1898 623 1928 this
648 1897 1012 1937 word—duplicarius,
1037 1900 1265 1939 dupliciarins.
1284 1900 1346 1931 and
1369 1902 1429 1931 du·

177 1938 413 1977 pluris—were
437 1937 565 1975 applied
591 1945 624 1967 to
647 1937 785 1968 soldiers
804 1938 878 1968 who
901 1939 1054 1969 obtained
1078 1939 1199 1970 double
1224 1950 1285 1978 pay
1303 1940 1364 1971 and
1381 1951 1430 1971 ra-

179 1977 287 2013 tions;
307 1988 324 2007 a
340 1977 530 2007 distinction
548 1985 602 2007 not
621 1988 819 2008 uncommon
837 1978 868 2008 in
885 1978 1095 2013 aster-times,
1115 1981 1171 2010 but
1191 1980 1298 2010 which
1316 1988 1347 2010 at
1366 1980 1431 2011 this

180 2016 292 2055 period
309 2017 405 2047 could
423 2025 474 2047 not
495 2017 603 2053 exist;
630 2017 677 2047 sor
694 2017 748 2047 the
765 2018 903 2049 soldiers
926 2018 979 2049 did
1004 2027 1057 2049 not
1083 2030 1118 2050 as
1135 2028 1188 2058 yet
1207 2020 1335 2050 receive
1353 2030 1427 2057 pay,

180 2066 240 2086 nor
255 2056 396 2094 perhaps
412 2067 494 2087 even
512 2057 585 2087 food
613 2056 694 2087 from
712 2057 767 2088 the
791 2066 887 2089 state.
933 2059 1018 2098 Livy
1035 2070 1145 2090 seenis
1163 2069 1195 2089 to
1213 2070 1307 2089 mean
1331 2070 1429 2098 gene-

180 2096 263 2135 rally
283 2101 291 2112 ‘
303 2096 544 2135 distinguished
561 2097 722 2127 soldiers.’
769 2099 798 2128 A
818 2098 943 2129 similar
958 2099 1168 2138 anticipation
1185 2098 1223 2129 of
1240 2109 1258 2129 a
1274 2109 1375 2138 usage
1391 2097 1429 2130 of

181 2135 264 2167 later
279 2136 377 2167 times
394 2137 421 2167 is
438 2136 568 2168 noticed
585 2137 616 2167 in
633 2137 726 2175 chap.
744 2140 794 2174 54,
814 2149 844 2176 p.
863 2141 933 2171 165.
953 2147 1029 2170 note
1047 2142 1073 2170 1.

221 2177 234 2194 ⁵
251 2176 358 2207 ‘This
382 2187 450 2208 was
473 2177 516 2208 all
539 2178 637 2216 given
662 2187 703 2216 up
726 2185 760 2208 to
787 2178 842 2209 the
866 2179 1039 2211 soldiers:’
1065 2181 1181 2219 praeda
1205 2178 1429 2217 collectively,

181 2215 294 2247 whilst
308 2216 340 2247 in
352 2217 409 2248 the
425 2217 603 2256 preceding
615 2216 726 2248 clause
739 2229 789 2249 we
803 2219 885 2250 have
899 2222 1045 2259 praedae,
1063 2224 1070 2236 ‘
1084 2220 1138 2250 the
1153 2219 1264 2258 things
1276 2218 1432 2251 obtained

181 2265 218 2287 as
234 2257 359 2302 booty3’
404 2256 456 2288 Ea
473 2257 532 2288 has
550 2259 633 2288 been
649 2257 794 2290 inserted
810 2260 951 2291 because
974 2259 1074 2291 found
1090 2260 1122 2290 in
1139 2266 1206 2290 two
1229 2258 1267 2290 of
1284 2259 1339 2290 the
1358 2259 1430 2290 best

182 2304 414 2336 manuscripts.
