1539 2508
143 127 220 164 132
688 136 723 160 T.
749 135 863 162 uvir.

138 211 268 257 singuli
301 223 323 246 a
357 210 520 257 pluribus
553 208 783 254 violarentur,
819 209 855 243 in
889 209 1087 244 creditores
1120 221 1142 244 a
1179 208 1407 245 debitoribus

137 265 331 294 verterant.
383 258 497 303 Super
535 256 627 291 haec
661 256 768 290 timor
802 257 947 291 incessit
981 256 1104 291 Sabini
1138 256 1249 301 belli;
1283 256 1405 291 delec-

137 312 251 352 tuque
286 306 432 340 decreto
463 316 570 338 nemo
599 315 730 337 nomen
761 304 872 346 dedit,
904 304 1046 338 furente
1076 304 1195 349 Appio
1224 310 1260 338 et
1290 304 1404 339 insec-

136 359 236 387 tante
287 352 524 387 ambitionem
576 351 749 395 collegae,
801 352 859 396 qui
914 351 1074 397 populari
1125 351 1281 385 silenti0¹
1327 362 1402 386 rem

137 401 323 446 publicam
353 398 529 445 proderet,
562 405 597 432 et
626 398 670 432 ad
708 398 754 443 id,
787 398 882 443 quod
911 399 956 432 de
986 398 1123 432 credita
1157 399 1313 443 pecunia
1345 397 1405 443 jus

135 459 204 482 non
239 448 400 490 dixisset,
432 446 619 492 adjiceret,
651 452 688 479 ut
719 457 764 479 ne
793 445 976 480 delectum
1008 445 1156 490 quidem
1185 457 1229 479 ex
1258 452 1405 480 senatus

136 495 297 529 consulto
331 494 495 528 haberet.
547 494 625 527 Non
662 504 743 527 esse
778 498 901 526 tamen
937 493 1118 526 desertam
1150 492 1295 527 omnino
1325 503 1403 526 rem

135 543 334 587 publicam,
365 552 485 586 neque
516 540 733 586 projectum²
759 539 949 574 consulare
977 540 1191 585 imperium:
1220 551 1260 574 se
1288 551 1401 574 unum

135 595 170 622 et
196 601 283 623 suae
311 595 346 623 et
373 589 520 623 Patrurn
547 587 752 633 majestatis
778 587 964 622 vindicem
991 586 1078 620 sore.
1130 587 1220 621 Cum
1248 586 1402 620 circum-

135 643 245 670 staret
287 636 468 670 cotidiana
509 634 702 669 multitudo
745 634 889 668 licentia
930 645 1095 679 accensa,
1139 633 1246 678 arripi
1288 645 1402 668 unum

134 683 313 729 insignem
349 683 482 717 ducem
518 682 736 716 seditionum
768 681 884 727 jussit.
937 681 1002 716 Ille
1036 692 1119 715 cum
1155 692 1177 714 a
1214 680 1403 714 lictoribus

139 731 216 777 jam
241 730 451 772 traheretur,
477 730 695 776 provocavit.
747 729 827 764 Nec
853 729 1024 763 cessisset
1051 728 1293 774 provocationi
1320 739 1402 762 con-

135 778 201 821 sul,
222 779 308 824 quia
334 790 402 812 non
429 777 581 812 dubium
609 783 686 810 erat
712 777 834 822 populi
858 776 1047 822 judicium,
1076 775 1143 809 nisi
1169 786 1277 819 aegre
1304 774 1403 808 victa

134 826 335 872 pertinacia
369 825 459 858 soret
500 824 648 858 consilio
690 824 809 868 magis
850 830 886 857 et
927 823 1139 857 auctoritate
1181 822 1395 868 principum,

135 884 245 918 quam
280 872 400 918 populi
435 871 616 905 clamore:
659 870 750 904 adeo
793 876 1003 916 supererant
1046 869 1174 903 animi³
1206 868 1252 903 ad
1295 869 1401 902 susti-

135 920 294 954 nendam
342 918 528 953 invidiam.
596 919 768 952 Crescere
812 917 896 951 inde
938 916 1077 951 malum
1120 916 1155 950 in
1197 915 1287 961 dies,
1331 927 1401 950 non

135 967 358 1002 clamoribus
383 967 490 1000 modo
517 966 661 1011 apertis,
691 966 766 1003 sed,
785 965 879 1010 quod
906 964 1022 999 multo
1047 963 1288 1009 perniciosius
1313 969 1399 1008 erat,

137 1014 343 1049 secessione
373 1013 598 1058 occultisque
625 1011 823 1057 colloquiis.
875 1011 1042 1046 Tandem
1068 1011 1173 1045 invisi
1202 1010 1299 1056 plebi
1319 1021 1401 1044 con-

137 1061 236 1096 sules
268 1061 483 1106 magistratu
512 1060 658 1105 abeunt,
687 1059 860 1094 Servilius
888 1059 1036 1104 neutris,
1066 1058 1208 1104 Appius
1235 1057 1403 1092 Patribus

136 1110 228 1144 mire
246 1109 381 1154 gratus.

186 1159 243 1190 28.
279 1157 323 1190 A.
350 1154 541 1199 Verginius
568 1153 651 1188 inde
679 1158 713 1187 et
741 1153 782 1187 T.
809 1153 983 1187 Vetusius
1008 1151 1237 1187 consulatum
1264 1151 1401 1186 ineunt.

137 1203 234 1237 Tum
269 1213 354 1237 vero
393 1201 506 1247 plebs,
543 1201 690 1243 incerta,
726 1200 851 1245 quales
884 1199 1052 1234 habitura
1089 1198 1256 1233 consules
1292 1204 1401 1244 esset,

137 1256 264 1285 coetus
297 1255 499 1293 nocturnos,
529 1260 612 1294 pars
642 1247 842 1293 Esquiliis,⁴
869 1259 952 1292 pars
982 1248 1016 1281 in
1046 1246 1238 1290 Aventino,
1265 1244 1400 1291 facere,

137 1309 185 1332 ne
215 1297 248 1331 in
279 1296 353 1331 foro
383 1296 511 1330 subitis
538 1295 749 1340 trepidaret⁶
777 1295 937 1329 consiliis
969 1300 1005 1328 et
1038 1294 1163 1327 omnia
1191 1299 1331 1327 temere
1359 1303 1404 1327 ac

137 1344 284 1378 fortuito
303 1349 438 1388 ageret.
492 1343 585 1376 Eam
604 1353 681 1375 rem
700 1341 868 1375 consules
887 1341 963 1386 rati,
982 1346 1020 1374 ut
1039 1346 1127 1384 erat,
1146 1340 1400 1386 perniciosam,

138 1391 185 1426 ad
221 1391 347 1425 Patres
379 1389 562 1423 deferunt.
630 1387 701 1423 Sed
743 1388 917 1422 delatam⁵
951 1387 1141 1421 consulere
1174 1386 1297 1420 ordine
1333 1397 1401 1420 non

138 1438 260 1472 licuit:
297 1437 388 1470 adeo
414 1435 634 1469 tumultuose
662 1441 817 1479 excepta
847 1441 901 1468 est
929 1433 1150 1468 clamoribus
1177 1433 1338 1478 undique
1367 1439 1404 1467 et

139 1484 388 1530 indignatione
422 1483 582 1527 Patrum,
618 1481 660 1525 si,
696 1480 790 1526 quod
826 1481 976 1526 imperio
1011 1480 1190 1514 consulari
1221 1491 1403 1525 exequen-

139 1532 226 1567 dum
254 1537 362 1575 esset,
390 1529 566 1564 invidiam
600 1528 680 1574 ejus
714 1527 883 1561 consules
911 1528 957 1561 ad
987 1534 1155 1561 senatum
1190 1526 1401 1573 rejicerent:

139 1579 301 1626 profecto
320 1578 350 1612 si
368 1579 503 1612 essent⁷
521 1576 558 1611 in
578 1587 614 1609 re
638 1574 784 1621 publiea
810 1575 1055 1619 magistratus,
1076 1574 1218 1609 nullum
1240 1573 1405 1609 futurum

139 1657 250 1689 would
274 1657 356 1688 have
380 1665 464 1695 gone
487 1654 617 1692 beyond
635 1653 676 1683 all
701 1653 755 1684 the
778 1653 907 1684 bounds
923 1651 960 1683 of
977 1652 1072 1683 order
1087 1652 1150 1683 and
1163 1652 1322 1691 dec-ency,
1338 1663 1402 1690 we,

139 1698 310 1736 following
327 1696 381 1726 the
405 1694 567 1726 excellent
587 1694 777 1725 Florentine
795 1693 1008 1731 manuscript,
1028 1692 1178 1723 consider
1193 1694 1350 1723 libertatis
1367 1703 1404 1724 as

141 1750 182 1771 an
195 1737 426 1775 interpolation
443 1735 480 1766 of
491 1735 546 1765 the
564 1734 721 1773 copyists‚
738 1733 801 1764 and
815 1733 898 1764 have
910 1732 1072 1763 therefore
1086 1732 1225 1763 omitted
1238 1732 1272 1763 it.
1324 1731 1402 1763 Ver-

142 1784 249 1811 teram
266 1784 298 1808 at
315 1777 371 1807 the
389 1776 450 1807 end
469 1775 506 1807 of
518 1775 572 1806 the
589 1783 746 1805 sentence
765 1774 792 1805 is
808 1773 891 1804 used
908 1772 1161 1811 intransitively.

182 1820 192 1837 ¹
209 1818 260 1848 ‘A
285 1817 408 1847 silence
432 1815 621 1847 savourable
646 1822 679 1845 to
702 1814 757 1845 the
781 1813 923 1852 people,’
949 1823 985 1844 or
1014 1811 1144 1844 ‘which
1170 1811 1330 1851 betrayed
1351 1811 1404 1843 his

142 1858 274 1895 leaning
289 1856 433 1887 towards
450 1856 505 1886 the
523 1855 658 1894 popular
674 1854 795 1886 cause.‘

181 1899 195 1917 ²
211 1902 218 1914 ‘
230 1897 380 1928 Thrown
396 1907 489 1934 away
503 1896 523 1932 ;’
543 1896 613 1926 that
631 1895 670 1931 is,
689 1895 788 1934 given
803 1904 846 1933 up
863 1900 897 1924 to
913 1898 1092 1931 contempt.

183 1941 195 1958 ³
210 1938 334 1971 Animi,
354 1936 385 1966 in
401 1936 456 1966 the
474 1936 591 1974 plural,
611 1936 639 1966 is
652 1935 845 1966 sometimes
862 1939 910 1970 (as
927 1933 946 1964 i.
964 1935 1015 1968 34)
1032 1931 1114 1963 used
1127 1931 1164 1962 of
1181 1931 1238 1962 the
1261 1941 1403 1971 cour-age

143 1978 207 2010 and
222 1977 376 2008 firmness
387 1975 453 2006 osa
467 1975 573 2015 single
587 1975 789 2012 individual3
814 1973 991 2014 regularly,
1005 1972 1172 2009 however,
1187 1971 1225 2003 of
1236 1973 1405 2003 anumber

143 2019 181 2051 of
192 2018 350 2057 subjects.

183 2061 195 2078 ⁴
210 2059 273 2089 See
290 2057 310 2088 i.
327 2058 378 2091 44,
397 2066 427 2095 p.
444 2058 495 2090 78,
515 2062 590 2085 note
607 2057 637 2085 5.

184 2101 196 2118 ⁵
214 2098 399 2138 Trepidam,
425 2095 497 2166 ofda
516 2095 693 2165 xi’agerings,
720 2094 892 2125 irresolute
915 2093 1051 2138 motion,
1076 2092 1174 2123 when
1197 2098 1401 2130 momentary

495 2145 555 2164 Wls
581 2145 599 2163 O
680 2145 698 2164 Ο
754 2146 769 2165 S
1061 2157 1067 2163 .

145 2138 486 2210 :mspgt’syegurligtessszh
506 2175 555 2206 for
569 2145 667 2209 deni-'a
688 2135 1257 2211 urrilrrtilsgffprffl'nahigncsonsuumion
1282 2171 1308 2202 is
1329 2171 1406 2202 here

145 2229 188 2250 on
212 2219 268 2249 the
295 2217 436 2257 analogy
458 2214 495 2247 of
512 2216 610 2246 verbs
633 2214 670 2245 of
688 2215 807 2254 asking
828 2214 893 2245 and
915 2213 1118 2253 requesting.
1163 2212 1227 2243 See
1253 2211 1363 2243 Gram.
1388 2210 1407 2244 ὖ

146 2262 218 2293 254,
237 2261 266 2289 2.

187 2300 198 2316 '¹
213 2297 391 2337 Emphatic
419 2295 468 2328 for
499 2306 607 2326 revera
637 2301 742 2326 essent
772 2296 998 2335 magistratus,
1024 2303 1060 2324 ox·
1086 2293 1155 2324 veri
1182 2293 1407 2334 mgistratum

150 2337 316 2378 Compare
332 2337 388 2369 the
404 2335 529 2369 similar
544 2335 739 2374 expression
754 2334 837 2365 with
853 2335 915 2371 vir,
935 2334 954 2365 i.
970 2335 1022 2364 46.
