1539 2508
106 93 184 130 174
650 104 822 130 T.L1vl1.

101 179 222 224 ginius
239 184 361 213 contra
379 180 527 223 Aequos
544 177 737 223 profectus.
789 177 841 211 Ibi
869 188 915 212 ex
940 177 1079 212 insidiis
1095 188 1208 223 prope
1227 188 1361 222 magna

101 233 251 272 accepta
284 226 405 268 clade,
437 226 548 258 virtus
581 224 736 258 militum
778 236 850 258 rem
894 224 1095 270 prolapsam
1139 223 1361 269 negligentia.

102 274 260 307 consulis
295 273 456 306 restituit.
524 272 663 306 Melius
697 272 728 304 iu
760 271 901 305 Volscis
929 272 1144 316 imperatum
1176 278 1252 305 est:
1289 271 1361 305 susi

100 320 215 365 ptimo
234 320 367 365 proelio
391 319 521 361 hostes,
541 318 699 363 fugaque
727 318 760 352 in
791 318 915 352 urbem
944 319 1107 362 Antium,
1135 324 1172 352 ut
1201 325 1277 352 tum
1305 329 1362 352 res

103 374 213 411 erant,
249 366 560 411 opulentissimam
595 372 678 399 acti.
745 365 862 402 Quam
897 365 1021 399 consul
1055 376 1261 410 oppugnare
1290 376 1361 399 non

101 424 222 458 ausus,
243 413 474 456 Caenonem,¹
493 411 591 445 aliud
610 412 782 457 oppidum
803 423 1031 455 nequaquam
1046 419 1118 446 tam
1135 412 1359 457 opulentum,

99 460 146 494 ab
176 460 380 494 Antiatibus
406 459 514 504 cepit.
567 460 659 493 Dum
688 458 808 503 Aequi
834 458 1029 503 Volscique
1056 459 1236 493 Romanos
1260 470 1361 492 exer—

100 508 194 540 citus
212 513 346 550 tenent,
350 507 363 527 ²
380 506 499 540 Sabini
527 517 640 558 usque
666 506 710 539 ad
739 512 858 550 portas
883 506 983 539 urbis
1008 505 1220 550 populantes
1246 507 1361 539 inces-

100 565 192 587 sere.
244 533 385 588 Deinile
414 554 480 598 ipsi
508 553 634 597 paucis
661 560 739 605 post
757 552 887 586 diebus
904 552 951 586 ab
969 552 1111 586 <luobus
1127 551 1361 597 exercitibus,

99 607 248 645 utroque
282 611 347 645 per
382 601 471 634 iram
505 600 653 634 consule
689 601 848 644 ingresso
881 599 916 633 in
949 598 1051 645 fines,
1078 598 1160 644 plus
1191 598 1361 645 cladium,

99 658 209 692 quam
229 647 433 689 intuler,ant
453 653 685 698 accepetunt.

149 698 204 728 64.
234 694 405 728 Extremo
431 706 523 728 anno
551 705 649 739 pacis
674 693 810 738 aliquid
838 693 917 738 fuit,
938 693 1000 727 sed
1027 698 1066 727 ut
1093 704 1239 738 semper
1259 693 1362 739 alias,

100 741 275 775 sollicitae
298 742 497 775 certamine
527 742 670 775 Patrum
697 748 733 775 et
759 740 887 786 plebis.
938 740 1032 774 Irata
1058 740 1163 785 plebs
1190 741 1364 774 interesse

100 788 350 822 consularibus
375 788 531 822 comitiis
557 788 691 822 noluit:
721 800 782 832 per
811 788 934 821 Patres
960 787 1185 832 clientesque
1215 787 1363 822 Patrum

100 836 268 868 consules
297 837 407 869 creati
436 836 477 868 T.
507 834 683 877 Quintius,
715 835 757 872 Q.
792 833 974 868 Servilius.
1027 834 1190 868 Similem
1226 845 1363 868 annum

100 882 203 928 priori
231 883 400 916 consules
426 882 571 925 habent,
597 881 767 915 seditiosa
795 881 904 924 initia,
933 880 1028 914 bello
1055 881 1187 915 deinde
1214 887 1363 914 externo

100 929 320 974 tranquilla.³
369 929 492 963 Sabini
519 929 768 962 Crustuminos
794 939 943 980 campos
960 928 1068 961 citato
1086 928 1231 972 agmine
1251 933 1362 962 trans—

99 978 225 1021 gressi,
261 987 343 1010 cum
378 976 512 1010 caedes
544 982 579 1009 et
616 975 784 1009 incendia
820 975 957 1009 circum
1000 976 1181 1008 Anienem
1224 974 1363 1009 flumen

101 1023 285 1063 fecissent,
312 1035 333 1056 a
358 1029 458 1068 porta
485 1034 594 1068 prope
621 1022 758 1056 Collina
784 1021 1048 1066 moenibusque
1075 1021 1166 1066 pulsi
1196 1021 1364 1065 ingentes

101 1077 222 1104 tamen
244 1071 398 1115 praedas
417 1069 604 1103 hominum
624 1080 881 1121 pecorumque
896 1080 1015 1113 egere.
1067 1068 1166 1105 Quos
1192 1067 1365 1102 Servilius

101 1117 226 1151 consul
272 1117 403 1151 infesto
448 1117 609 1150 exercitu
655 1116 841 1150 insecutus
874 1116 992 1160 ipsum
1037 1115 1184 1160 quidem
1227 1126 1364 1159 agmen

99 1163 256 1208 adipisci
282 1165 411 1208 aequis
441 1164 527 1197 locis
560 1174 628 1197 non
658 1164 793 1207 potuit,
827 1162 1096 1208 populationem
1125 1161 1217 1195 adeo
1246 1161 1364 1196 effuse

101 1211 198 1253 fecit,
221 1216 257 1245 ut
276 1211 368 1245 nihil
386 1211 482 1245 bello
509 1211 685 1245 intactum
715 1209 931 1255 relinqueret
960 1208 1230 1254 multiplicique
1257 1214 1365 1254 capta.

100 1257 236 1310 praeda
257 1258 401 1292 rediiet.

150 1305 194 1339 Et
224 1305 260 1339 in
291 1305 428 1339 Volscis
456 1316 512 1338 res
539 1303 684 1349 publica
716 1303 861 1348 egregie
889 1309 992 1347 gesta
1024 1313 1109 1336 cum
1141 1301 1256 1346 ducis,
1287 1307 1365 1336 tum

100 1351 258 1386 militum
291 1363 412 1397 opera.
465 1351 627 1385 Primum
662 1362 778 1395 aequo
807 1361 936 1394 campo
965 1349 1079 1393 signis
1107 1348 1248 1382 collatis
1277 1359 1365 1393 pug-

100 1404 238 1443 natum,
270 1398 406 1442 ingenti
435 1398 549 1431 caede
583 1398 774 1442 utrimque,
804 1396 958 1442 plurimo
993 1395 1188 1438 sanguine:
1224 1400 1260 1428 et
1296 1394 1365 1429 Ro-

102 1457 213 1489 mani,
242 1446 325 1490 quia
353 1444 518 1490 paucitas
544 1444 677 1477 damno
702 1443 892 1477 sentiendo
918 1443 1071 1488 propior⁴
1096 1447 1183 1486 erat,
1209 1440 1366 1486 gradum

102 1492 336 1536 rettulissent,
368 1503 403 1525 ni
437 1490 572 1524 salubri
605 1490 797 1524 mendacio
831 1489 966 1534 consul,
1002 1489 1128 1533 fugere
1162 1488 1286 1522 hostes
1318 1488 1365 1522 ab

102 1550 210 1573 cornu
246 1538 356 1571 altero
390 1537 592 1582 clamitans,
627 1537 844 1571 concitasset
878 1537 1008 1569 aciem.
1075 1536 1219 1580 Impetu
1255 1535 1363 1580 sacto,

102 1585 189 1620 dum
221 1597 259 1619 se
288 1592 411 1630 putant
443 1585 600 1628 vincere,
629 1585 761 1617 vicere.
800 1582 943 1618 Consul
973 1589 1152 1634 metuenS,
1181 1593 1226 1616 ne
1255 1583 1366 1616 nimis

103 1632 269 1667 instando
296 1638 483 1666 renovaret
511 1638 707 1675 certamen,
729 1630 874 1674 signum
903 1630 1062 1674 receptui
1089 1629 1202 1663 dedit.
1253 1629 1365 1663 Inter-

103 1691 247 1714 cessere
282 1679 388 1724 pauci
424 1678 514 1723 dies,
550 1678 649 1712 velut
684 1678 804 1711 tacitis
840 1676 988 1711 indutiis
1023 1676 1206 1721 utrimque
1243 1676 1365 1720 quiete

104 1733 268 1771 sumpta,
296 1738 358 1771 per
385 1737 475 1770 quos
503 1726 630 1770 ingens
659 1725 713 1759 vis
738 1724 928 1758 hominum
955 1735 1001 1758 ex
1029 1723 1198 1757 omnibus
1225 1722 1366 1756 Volscis

103 1774 314 1825 Aequisque
349 1773 489 1819 populis
518 1773 550 1806 in
581 1778 699 1806 castra
731 1771 843 1815 venit,
879 1770 973 1805 haud
1009 1770 1188 1815 dubitans,
1223 1770 1251 1803 si
1285 1781 1366 1803 sen-

104 1820 225 1854 serint.
261 1820 442 1854 Romanos
474 1826 580 1853 nocte
613 1819 782 1852 abituros.
834 1818 961 1862 Itaque
996 1817 1100 1851 tertia
1133 1816 1209 1850 sere
1242 1816 1367 1861 vigilia

103 1866 150 1901 ad
184 1873 301 1901 castra
333 1866 575 1912 oppuonanda
603 1866 761 1900 veniunt.
822 1864 1004 1907 Quintius,
1035 1863 1161 1898 sedato
1196 1863 1364 1914 tumultu

104 1925 217 1960 quem
250 1920 359 1947 terror
396 1914 538 1948 subitus
580 1913 775 1958 exciverat,
810 1923 894 1946 cum
935 1923 1084 1951 manere
1126 1911 1162 1950 in
1203 1906 1366 1950 tentorii&

147 2027 157 2044 ¹
171 2025 351 2080 Dionysius
367 2025 447 2057 does
463 2033 518 2057 not
535 2028 681 2058 mention
699 2028 754 2059 the
767 2038 875 2064 name,
894 2029 952 2059 but
970 2038 1047 2066 says
1069 2027 1223 2066 merely‘
1235 2038 1253 2059 a
1268 2027 1367 2059 small

106 2067 260 2105 seaport.‘
309 2066 415 2097 Other
432 2067 558 2097 writers
576 2067 645 2098 also
661 2069 739 2099 omit
757 2068 812 2099 the
834 2079 941 2099 name.
988 2068 1052 2098 We
1069 2067 1152 2098 have
1169 2067 1267 2108 given
1287 2067 1364 2099 Gae-

105 2119 217 2139 nonem
235 2106 361 2138 instead
378 2105 415 2136 of
429 2106 594 2143 Cevonem,
614 2108 787 2148 according
804 2116 836 2139 to
852 2108 908 2139 the
925 2109 998 2139 best
1013 2116 1244 2146 manuscripts.

146 2147 181 2165 ²⁴
175 2147 288 2185 ‘Keep
305 2146 502 2186 employed'

147 2188 158 2205 ³
173 2187 299 2234 Supply
316 2194 466 2226 tempora
485 2197 503 2217 a
519 2186 663 2217 freedom
680 2187 717 2217 of
728 2188 919 2226 expression
936 2187 1131 2218 occasioned
1147 2187 1191 2226 by
1207 2186 1263 2218 the
1285 2188 1364 2225 tact,

109 2227 176 2258 that
196 2229 292 2258 initia
311 2238 489 2266 1s=prnna
507 2233 654 2266 temporo.

176 2267 359 2304 ‘Neare1·’‚
380 2267 448 2297 that
474 2267 512 2301 is,
535 2271 642 2297 more
659 2266 771 2297 fitted.
778 2267 785 2280 ⁸
805 2269 899 2307 longe
913 2269 1022 2298 absum
1039 2268 1076 2297 ab
1090 2268 1202 2306 aliqua
1218 2278 1252 2299 re
1265 2267 1294 2299 is
1308 2276 1365 2306 op-

110 2268 210 2348 po‘sed
227 2314 261 2338 to
276 2309 407 2350 propius
424 2309 543 2343 absum,
563 2307 624 2338 and
642 2306 710 2337 also
726 2318 854 2348 propior
869 2319 948 2339 sum.
