1539 2508
94 97 173 134 106
634 106 671 132 Τ.
701 105 815 131 mvn.

89 193 161 216 non
187 180 310 216 dolore
336 180 453 216 solum
481 185 603 215 tantae
630 179 675 214 ad
703 179 843 213 irritum
860 178 1027 214 cadentis
1044 178 1134 224 spei,
1154 176 1219 213 sed
1245 176 1360 212 etiam

89 229 172 263 odio
211 229 347 274 iraque,
385 235 577 274 postquam
611 226 693 261 dolo
727 227 823 261 viam
858 226 1047 272 obseptam
1084 225 1184 273 fidit,
1219 224 1359 260 bellum

89 283 216 322 aperte
245 276 471 310 moliendum
502 282 600 308 ratus
629 273 824 308 circumire
852 275 1005 319 supplex
1033 273 1200 308 Etruriae
1230 271 1358 316 urbes;

90 334 192 357 orare
225 324 386 357 maxime
422 322 596 356 Veientes
637 322 1006 367 Tarquiniensesque,
1043 331 1089 354 ne
1131 331 1171 354 se
1213 320 1358 362 ortum,¹

91 369 259 416 ejusdem
279 370 477 414 sanguinis,
498 377 680 403 extorrem
706 375 877 413 egentem
905 379 950 402 ex
976 374 1074 402 tanto
1102 366 1209 401 modo
1237 377 1357 411 regno,

91 429 176 452 cum
202 417 328 451 liberis
353 416 651 450 adolescentibus
676 422 760 449 ante
787 415 913 449 oculos
939 426 1023 449 suos
1041 415 1157 461 perire
1184 414 1355 448 sinerent.

91 464 193 500 Alios
213 475 362 510 peregre
390 464 423 497 in
453 474 605 508 regnum
633 464 785 497 Romam
813 463 970 496 accitos:
1001 473 1040 496 se
1068 473 1204 506 regern,
1222 472 1358 506 augen-

92 518 167 546 tem
194 511 290 546 bello
316 512 520 545 Romanum
550 510 755 555 imperium,
782 521 804 543 a
831 509 1003 555 proximis
1028 509 1207 543 scelerata
1232 507 1356 553 conju-

95 560 231 593 ratione
259 558 416 603 pulsum.
470 558 542 592 Eos
568 558 659 591 inter
685 569 735 602 se,
755 557 839 602 quia
866 567 973 590 nemo
993 568 1086 591 unus
1113 556 1201 590 satis
1225 555 1359 600 dignus

93 617 203 651 regno
233 606 334 640 visus
364 606 418 651 sit,
445 611 567 650 partes
596 605 695 649 regni
725 604 911 650 rapuisse;
940 603 1033 638 bona
1061 614 1127 638 sua
1154 602 1360 647 diripienda

94 653 226 700 populo
254 652 415 697 dedisse,
444 664 488 686 ne
517 652 598 697 quis
626 664 757 698 expers
786 651 936 686 sceleris
965 658 1074 685 esset.
1127 650 1287 684 Patriam
1318 661 1358 685 se

93 711 319 746 regnumque
347 711 456 734 suum
484 707 658 745 repetere,
680 706 714 733 et
741 699 911 745 persequi
940 699 1098 743 ingratos
1123 698 1224 732 cives
1250 697 1358 732 velle.

94 747 243 782 Ferrent
282 758 402 793 opem,
438 746 675 792 adjuvarent;
718 758 803 781 suas
843 757 988 791 quoque
1022 752 1168 780 veteres
1209 744 1361 790 injurias

91 795 210 830 ultum
245 794 363 838 irent,²
397 795 529 828 totiens
569 805 697 828 caesas
739 794 911 838 legiones,
947 804 1075 838 agrum
1115 791 1360 838 ademptum?¹

91 843 195 877 Haec
228 848 417 876 moverunt
450 841 641 886 Veientes,
675 852 718 875 ac
752 851 814 887 pro
844 852 882 874 se
911 841 1066 886 quisque
1095 840 1258 874 Romano
1291 839 1359 874 sal-

92 896 170 924 tem
198 889 293 924 duce
323 888 540 934 ignominias
569 887 772 922 demendas
801 887 969 933 belloque
998 888 1135 922 amissa
1158 886 1360 932 repetenda

93 936 287 972 minaciter
301 936 471 971 fremunt.
524 936 809 981 Tarquinienses
822 946 953 969 nomen
971 946 1016 969 ac
1033 934 1199 979 cognatio
1214 941 1357 968 movet:

97 983 291 1030 pulchrum
315 982 510 1017 videbatur
539 994 621 1017 suos
649 983 786 1018 Romae
812 993 974 1027 regnare.
1026 982 1081 1016 Ita
1110 981 1180 1015 duo
1201 981 1360 1016 duarum

94 1031 297 1066 civitatium
324 1030 507 1065 exercitus
532 1030 578 1064 ad
606 1029 844 1075 repetendum
865 1040 1017 1074 regnum
1044 1028 1213 1075 belloque
1240 1039 1359 1074 perse-

95 1078 263 1125 quendos
290 1078 472 1112 Romanos
501 1077 614 1112 secuti
641 1077 893 1122 Tarquinium.
946 1076 1142 1121 Postquam
1169 1076 1205 1110 in
1232 1087 1360 1120 agrum

94 1125 302 1161 Romanum
333 1131 483 1159 ventum
514 1131 578 1167 est,
606 1124 753 1159 obviam
784 1124 877 1158 hosti
907 1123 1077 1158 consules
1103 1129 1202 1159 eunt.
1255 1123 1360 1157 Vale-

96 1174 167 1209 rius
200 1172 376 1219 quadrato
417 1172 563 1217 agmine
607 1171 769 1217 peditem
812 1170 933 1215 ducit3
977 1170 1109 1205 Brutus
1150 1170 1196 1204 ad
1239 1170 1362 1217 explo-

94 1221 249 1255 randum
282 1231 367 1254 cum
400 1220 562 1265 equitatu
605 1219 815 1253 antecessit.
884 1217 1026 1253 Eodem
1069 1217 1177 1252 modo
1221 1219 1362 1264 primus

95 1270 224 1314 eques‘
258 1267 417 1302 hostium
450 1266 612 1311 agminis
645 1266 733 1311 fuit;
777 1272 943 1312 praeerat
978 1268 1099 1300 Aruns
1131 1265 1360 1311 Tarquinius,

94 1315 192 1350 filius
226 1316 339 1359 regis:
377 1325 441 1348 rex
475 1315 551 1360 ipse
586 1325 669 1348 cum
705 1313 923 1358 legionibus⁵
956 1313 1190 1358 sequebatur.
1242 1316 1364 1348 Aruns

94 1363 160 1398 ubi
186 1374 233 1398 ex
259 1361 447 1397 lictoribus
471 1361 594 1407 procul
621 1362 810 1396 consulem
837 1372 929 1405 esse,
953 1360 1087 1395 deinde
1114 1360 1189 1406 jam
1218 1361 1364 1406 propius

96 1422 141 1445 ac
170 1410 305 1445 certius
338 1408 434 1444 facie
469 1420 613 1454 quoque
642 1409 791 1443 Brutum
822 1409 1001 1453 cognovit,
1028 1407 1278 1442 inflammatus
1312 1407 1365 1442 ira

97 1457 181 1493 ‘ille
206 1464 260 1492 est
286 1456 366 1500 vir‚⁷
396 1457 522 1502 inquit,
546 1456 626 1502 ‘qui
654 1468 718 1490 nos
744 1463 906 1490 extorres
931 1455 1070 1501 expulit
1097 1455 1227 1501 patria.
1279 1455 1364 1501 Ipse

96 1517 143 1540 en
169 1504 240 1550 ille,
269 1504 399 1539 nostris
420 1503 614 1538 decoratus
641 1503 850 1549 insignibus,
878 1503 1076 1548 magnifice
1103 1502 1252 1538 incedit.
1307 1502 1364 1537 Dii

96 1564 227 1598 regum
261 1552 397 1587 ultores
429 1551 582 1585 adeste.⁷
635 1551 799 1586 Concitat
833 1551 1037 1585 calcaribus
1073 1561 1220 1596 equum,
1255 1556 1366 1596 atque

96 1600 134 1635 in
162 1600 281 1646 ipsum
308 1598 463 1634 infestus
488 1599 678 1633 consulem
705 1598 838 1643 dirigit.
890 1598 1007 1633 Sensit
1026 1599 1063 1632 in
1081 1609 1120 1632 se
1148 1598 1204 1632 iri⁸
1222 1597 1365 1632 Brutus.

98 1647 283 1682 Decorum
309 1654 389 1681 erat
417 1653 496 1681 tum
522 1646 608 1691 ipsis
633 1657 826 1692 capessere
853 1657 1013 1692 pugnam
1039 1645 1232 1680 ducibus:⁷
1256 1644 1367 1680 avide

100 1695 226 1740 itaque
245 1706 284 1729 se
303 1694 497 1729 certamini
523 1693 641 1728 offert.
693 1693 870 1739 Adeoque
895 1693 1037 1728 infestis
1061 1693 1194 1727 animis
1217 1703 1367 1727 concur·

101 1748 236 1784 rerunt,
264 1748 404 1786 neuter,
432 1741 518 1775 dum
550 1741 690 1776 hostem
722 1740 940 1785 vulneraret,
968 1740 1023 1774 sui
1053 1739 1266 1785 protegendi
1291 1750 1367 1773 cor-

143 1833 154 1851 ¹
170 1834 178 1848 ⁴
192 1831 266 1862 One
288 1840 412 1870 sprung
428 1830 511 1861 from
534 1830 762 1862 themselves!
809 1830 852 1861 Se
874 1829 902 1861 is
924 1829 980 1860 the
1004 1828 1160 1866 ablative,
1178 1828 1368 1868 participles

104 1871 143 1903 of
160 1871 309 1905 descent,
329 1870 411 1901 such
435 1881 470 1901 as
517 1872 638 1905 enims,
657 1877 762 1905 orcus,
781 1872 900 1906 editus,
919 1875 1030 1905 natu-⁴³,
1050 1875 1154 1906 salus,
1174 1869 1274 1909 being
1289 1880 1366 1901 con-

103 1911 216 1944 strued
234 1911 315 1942 with
334 1910 389 1941 the
406 1910 491 1949 simp
507 1921 524 1941 e
541 1911 696 1941 ablative.
742 1910 806 1941 See
826 1910 935 1941 Gram.
953 1909 970 1943 ὑ
987 1912 1056 1941 303.

147 1953 202 2023 ².th
219 1950 491 1982 circumlocution
507 1950 555 1982 for
571 1952 815 1982 ulciscerentur.

143 1993 156 2011 ³
197 2002 235 2023 ee
252 1991 272 2022 i.
293 1994 340 2022 15.

143 2031 155 2048 ⁴
169 2031 279 2071 Eques
297 2031 399 2062 taken
414 2029 637 2069 collectively‚
658 2040 693 2061 as
710 2029 813 2061 often.

143 2071 156 2088 ⁵
172 2072 268 2143 ‘'Tlhle
285 2079 396 2109 troops
412 2070 450 2101 of
467 2070 610 2110 infantry
622 2071 643 2101 :'
659 2072 741 2110 legio
757 2070 839 2102 used
855 2071 888 2102 in
903 2081 923 2102 a
935 2070 1020 2102 wide
1036 2080 1146 2107 sense,
1163 2081 1200 2102 as
1214 2078 1248 2102 to
1258 2071 1370 2103 which

105 2121 163 2144 see
180 2123 200 2144 ι.
263 2136 271 2148 ,
290 2118 379 2142 note.

145 2153 158 2171 ⁶
171 2152 247 2184 The
264 2152 408 2191 passive,
427 2150 675 2190 impersmally,
694 2150 744 2182 for
760 2152 851 2182 illum
868 2152 901 2182 in
918 2163 954 2182 se
968 2152 1025 2182 ire.

144 2194 156 2211 ⁷
170 2194 203 2224 A
220 2192 405 2224 somewhat
418 2191 614 2231 interesting
627 2191 770 2227 remark,
787 2191 949 2231 implying
961 2191 1033 2222 that
1048 2190 1105 2222 the
1122 2191 1254 2223 Roman
1266 2202 1369 2232 gene-

106 2233 174 2265 rals
196 2233 235 2265 of
253 2233 336 2264 later
357 2232 458 2263 times
480 2231 534 2263 did
558 2239 626 2267 not.
645 2231 744 2262 when
767 2232 791 2262 it
814 2231 912 2263 could
935 2233 976 2263 be
998 2231 1151 2268 avoided,
1170 2239 1265 2264 enter
1285 2242 1330 2264 on
1351 2243 1372 2264 a

105 2273 260 2345 pierskqnal
275 2279 456 2304 encounter
471 2271 554 2303 with
569 2282 588 2303 a
603 2271 668 2308 foe,
686 2272 746 2303 but
769 2272 896 2311 merely
912 2271 1060 2304 directed
1081 2271 1138 2304 the
1161 2279 1372 2305 movements

106 2323 127 2344 ο
163 2320 174 2344 t
203 2324 251 2345 etr
265 2320 389 2353 troops,
