1507 2492
681 103 807 130 mmm
833 104 874 129 ιι.
1327 94 1401 131 157

145 188 258 224 qnam
282 176 507 213 adhortando
531 176 779 211 accendamus
802 177 960 212 militum
986 178 1153 213 animos!
1203 177 1261 212 Sic
1279 177 1314 211 in
1332 178 1400 223 pri-

145 226 262 260 mum¹
282 224 423 260 infestis
440 223 553 259 hastis
571 225 754 270 provolant
772 224 844 258 duo
863 224 978 271 Fabii,
997 231 1183 271 totamque
1209 231 1402 260 moverunt

146 283 273 307 secum
292 272 426 306 aciem.

194 322 253 354 47.
293 318 432 353 Proelio
474 330 519 353 ex
560 325 661 364 parte
703 329 776 352 una
817 319 989 364 restituto,
1023 318 1135 353 nihilo
1176 319 1323 362 segnius
1364 319 1401 354 in

145 376 256 400 cornu
285 365 399 400 altero
426 365 490 400 Cn.
512 365 673 400 Manlius
696 365 820 399 consul
846 377 1003 411 pugnam
1026 367 1171 410 ciebat3
1199 367 1258 400 ubi
1290 378 1401 412 prope

145 413 278 448 similis
311 412 453 447 fortuna
485 420 540 447 est
575 420 728 446 versata.
794 413 890 447 Nam
926 420 962 447 ut
995 412 1108 447 altero
1142 414 1176 447 in
1212 425 1322 447 cornu
1355 413 1389 451 Q

145 458 313 504 Fabium,
344 460 398 494 sic
430 460 466 494 in
499 459 567 494 hoc
600 459 722 505 ipsum
755 460 942 494 consulem
977 460 1159 495 Manlium
1191 460 1267 505 jam
1302 460 1402 494 velut

144 506 244 542 fusos
275 514 447 552 agentem
483 506 604 541 hostes
637 513 674 540 et
708 507 860 551 impigre
903 507 1040 541 milites
1081 508 1195 541 secuti
1237 515 1329 552 sunt,
1365 513 1402 541 et

145 560 184 589 ut
218 554 280 588 ille
312 555 412 599 gravi
441 554 590 588 vulnere
621 554 714 588 ictus
741 565 786 588 ex
815 555 895 588 acie
925 554 1043 599 cessit,
1073 553 1306 589 interfectum
1337 554 1402 588 rati

144 600 299 645 gradum
334 601 524 635 rettulere:
559 602 825 645 cessissentque
859 602 946 645 loco,
973 603 1007 636 ni
1041 601 1166 635 consul
1194 601 1284 636 alter
1316 613 1402 636 cum

144 648 283 693 aliquot
315 648 446 682 turmis
485 648 650 693 equitum
684 648 718 681 in
752 659 836 682 eam
869 656 1012 694 partem
1053 650 1163 683 citato
1206 660 1299 694 equo
1339 648 1402 682 ad-

145 702 284 738 vectus,
311 695 435 730 vivere
464 695 657 729 clamitans
691 694 880 739 collegam,
909 708 948 730 se
978 696 1153 730 victorem
1184 695 1261 729 suso
1289 696 1402 730 altero

144 753 253 776 cornu
276 742 417 781 adesse,
439 753 515 776 rem
542 742 751 776 inclinatam
779 743 1020 776 sustinuisset.
1073 743 1234 777 Manlius
1259 754 1403 789 quoque

145 788 190 823 ad
216 789 479 824 restituendam
500 789 621 823 aciem
649 800 688 822 se
716 790 792 834 ipse
819 800 940 823 coram
967 790 1082 823 offert.
1135 790 1293 824 Duorum
1321 802 1402 824 con-

145 835 266 870 sulum
299 836 442 879 cognita
475 847 537 870 ora
568 835 774 870 accendunt
808 837 966 871 militurn
1000 838 1154 870 animos.
1221 837 1332 871 Simul
1367 844 1403 872 et

144 883 282 917 vanior²
304 883 379 927 jam
407 890 482 916 erat
509 883 664 917 hostium
691 884 801 925 acies,
820 883 908 918 dum
936 884 1145 918 abundante
1171 884 1402 918 multitudine

145 928 227 964 freti
257 931 441 964 subtracta
470 929 631 964 subsidia
659 937 804 964 mittunt
832 930 878 964 ad
907 939 1025 965 castra
1057 931 1311 977 oppugnanda.
1363 931 1402 966 ln

143 987 239 1022 quae
273 976 368 1012 haud
405 988 536 1022 magno
569 978 769 1012 certamine
805 977 943 1022 impetu
979 978 1085 1022 sacto,
1121 978 1207 1012 ‹lum
1244 978 1403 1023 praedae

144 1024 265 1069 magis
280 1035 392 1070 quam
412 1035 555 1070 pugnae
582 1036 764 1059 memores
790 1031 909 1059 terunt
937 1032 1091 1071 tempus,
1113 1026 1218 1059 triarii
1239 1026 1401 1069 Romani,

144 1072 204 1116 qui
233 1072 386 1116 primam
414 1071 649 1116 irruptionem
677 1073 854 1106 sustinere
881 1084 951 1106 non
979 1079 1178 1117 potuerant,
1209 1073 1331 1106 missis
1355 1073 1401 1107 ad

143 1119 314 1153 consules
347 1119 492 1162 nuntiis,
526 1129 598 1163 quo
631 1118 710 1152 loco
740 1130 796 1153 res
824 1128 956 1164 essent,
983 1119 1187 1164 conglobati
1221 1119 1266 1154 ad
1300 1131 1403 1165 prae-

146 1164 274 1199 torium
303 1164 464 1207 redeunt,
492 1171 528 1198 et
554 1176 620 1199 sua
644 1171 772 1210 sponte
799 1166 863 1210 ipsi
893 1166 1068 1211 proelium
1097 1167 1297 1200 renovant.³
1358 1168 1403 1203 Et

144 1211 307 1246 Manlius
339 1211 463 1245 consul
493 1218 661 1245 revectus
689 1211 724 1246 in
755 1219 882 1256 castra,
909 1213 954 1247 ad
984 1224 1112 1247 omnes
1140 1221 1260 1258 portas
1289 1214 1402 1249 milite

143 1258 317 1303 opposito,
352 1257 518 1292 hostibus
551 1259 647 1292 viam
689 1258 881 1293 clauserat.
949 1261 1003 1295 Ea
1035 1260 1238 1305 desperatio
1271 1261 1403 1296 Tuscis

145 1305 284 1339 rabiem
314 1305 431 1349 magis
459 1316 570 1349 quam
597 1305 788 1340 audaciam
817 1307 996 1341 accendit.
1048 1308 1143 1341 Nam
1172 1319 1257 1342 curn
1284 1308 1402 1343 incur-

143 1358 276 1395 santes,
304 1363 520 1398 quacunque
548 1353 685 1386 exitum
712 1353 918 1387 ostenderet
946 1366 1039 1399 spes,
1069 1365 1159 1388 vano
1184 1354 1403 1399 aliquotiens

145 1399 282 1444 impetu
326 1399 448 1443 issent,
483 1397 612 1442 globus
643 1399 819 1444 juvenum
857 1411 949 1434 unus
982 1401 1018 1435 in
1053 1401 1171 1447 ipsum
1212 1403 1401 1437 consulem

143 1446 324 1491 insignem
352 1446 463 1480 armis
494 1445 642 1479 invadit.
693 1446 815 1480 Prima
849 1455 1002 1493 excepta
1029 1459 1051 1482 a
1079 1449 1403 1484 circumstantibus

143 1493 240 1537 tela3
269 1492 438 1527 sustineri
467 1492 600 1526 deinde
629 1492 682 1526 vis
710 1494 854 1538 nequit:
889 1495 1013 1528 consul
1043 1496 1224 1529 mortifero
1253 1497 1402 1530 vulnere

145 1539 241 1574 ictus
257 1540 364 1582 cadit,
385 1539 527 1584 fusique
542 1540 638 1572 circa
656 1550 794 1574 ornnes.
845 1540 974 1574 Tuscis
991 1543 1121 1576 crescit
1140 1542 1316 1586 au‹iaeia;
1337 1544 1402 1578 Ro·

143 1597 271 1621 manos
289 1594 398 1620 terror
416 1597 480 1632 per
499 1593 571 1620 tota
588 1592 705 1620 castra
724 1586 881 1632 trepidos
898 1588 993 1632 agit:
1022 1595 1058 1622 et
1075 1589 1120 1622 ad
1140 1596 1304 1623 extrema
1315 1602 1401 1624 ven-

143 1639 220 1668 tum
249 1633 348 1677 foret,
369 1634 404 1667 ni
429 1633 551 1678 legati,
573 1640 672 1678 rapto
699 1634 858 1668 consulis
876 1645 1032 1680 corpore,
1052 1635 1311 1681 patefecissent
1332 1649 1402 1672 una

142 1687 246 1726 porta
262 1679 428 1715 hostibus
446 1681 554 1714 viam.
607 1681 661 1715 Ea
688 1688 901 1726 erumpunt3
929 1690 1230 1729 consternatoque
1253 1684 1401 1728 agmine

142 1728 321 1762 abeuntes
340 1728 374 1762 in
397 1728 569 1762 victorem
588 1727 744 1762 alterum
762 1727 926 1762 incidunt
944 1730 1145 1764 consulem.
1196 1730 1250 1765 Ibi
1269 1731 1402 1766 iterum

141 1774 239 1810 oaesi
260 1773 402 1820 fusique
419 1775 569 1820 passim.

190 1822 349 1856 Victoria
381 1822 530 1866 egregia
563 1826 675 1866 parta,
706 1821 817 1855 tristis
850 1827 975 1857 tamen
1008 1823 1149 1858 duobus
1183 1830 1258 1858 tam
1291 1824 1401 1859 claris

142 1868 343 1903 funeribus.
394 1869 521 1914 Itaque
547 1868 684 1913 consul,
712 1868 933 1903 decernente
956 1876 1085 1905 senatu
1112 1871 1349 1916 triumphum,
1370 1872 1402 1906 si

143 1916 327 1951 exercitus
351 1915 431 1950 sine
458 1916 674 1961 imperatore
710 1915 933 1961 triumphare
958 1918 1079 1964 possit,
1107 1929 1171 1964 pro
1197 1914 1332 1953 eximia
1358 1929 1401 1952 eo

183 2026 195 2045 ²
207 2026 272 2057 See
288 2025 320 2056 ii.
336 2028 387 2062 20,
406 2035 436 2064 p.
456 2027 526 2061 124,
544 2032 620 2056 note
640 2027 667 2056 1.

180 2080 195 2099 ¹
209 2083 217 2097 ‘
230 2079 391 2116 Thinner‚
410 2079 469 2110 full
485 2079 522 2110 os
539 2079 631 2119 gaps'
651 2079 792 2115 (rarior),
810 2080 955 2118 opposed
971 2087 1004 2112 to
1021 2092 1038 2112 a
1054 2084 1154 2113 densa
1170 2084 1263 2114 acies.

181 2135 194 2154 ³
207 2133 283 2166 The
302 2133 431 2165 Roman
447 2134 569 2165 triarii.
587 2133 661 2163 who
672 2132 734 2164 had
748 2134 830 2164 been
847 2133 905 2164 left
917 2135 1038 2166 behind
1056 2143 1089 2165 to
1104 2136 1205 2175 guard
1221 2135 1274 2166 the
1288 2146 1395 2174 camp,

141 2173 206 2206 had
222 2181 253 2206 at
270 2173 340 2206 first
357 2175 442 2205 been
457 2172 567 2204 forced
584 2180 617 2203 to
633 2172 707 2212 give
726 2183 798 2211 way
815 2181 848 2204 to
865 2174 920 2205 the
937 2175 1049 2206 attack
1065 2176 1101 2206 os
1114 2176 1169 2206 the
1187 2186 1318 2214 enemy,
1339 2177 1397 2206 but

142 2212 335 2246 afterwards
358 2213 518 2245 collected
542 2213 573 2244 in
597 2213 653 2243 the
677 2212 798 2244 middle
821 2213 858 2244 of
876 2214 931 2244 the
955 2225 1061 2253 camp,
1081 2215 1143 2246 and
1167 2215 1318 2246 rcnewed
1342 2215 1398 2246 the

141 2253 267 2299 battle3
291 2259 327 2287 at
342 2253 398 2286 the
419 2264 512 2286 same
535 2253 614 2284 time
630 2252 770 2294 sending
784 2264 996 2295 messengers
1012 2262 1046 2286 to
1061 2254 1117 2286 the
1141 2254 1258 2286 consul
1279 2262 1314 2287 to
1335 2255 1399 2287 ask

141 2301 337 2327 asetstance.

289 2337 332 2371 14
