1507 2492
662 118 787 144 Lmen
816 119 900 143 xxr.
1333 115 1413 150 257

191 191 362 227 Ceterum
383 203 429 226 ne
448 191 600 227 hiberna
618 192 769 238 quidem
795 192 970 228 Romanis
995 197 1119 239 quieta
1145 202 1258 241 erant,
1278 209 1412 243 vagan-

145 238 245 274 tibus
270 240 408 286 passim
437 239 609 274 Numidis
639 240 835 285 equitibus,
868 246 903 274 et
933 247 970 274 ut
1003 252 1172 288 quaeque
1207 243 1265 278 his
1298 246 1412 291 impe-

143 285 271 320 ditiora
288 287 414 331 erant,¹
434 287 628 322 Celtiberis
649 288 915 332 Lusitanisque.
967 288 1105 323 Omnes
1125 291 1232 336 igitur
1249 293 1411 338 undique

143 333 259 367 clausi
286 341 516 369 commeatus
542 341 654 379 erant,
676 336 743 368 nisi
770 346 862 380 quos
890 334 987 368 Pado
1013 347 1127 371 naves
1152 338 1410 374 subveherent.

144 380 375 426 Emporium²
393 392 503 427 prope
531 381 758 417 Placentiam
777 384 843 416 fuit
870 388 905 415 et
932 393 1041 427 opere
1069 395 1200 430 magno
1228 387 1411 422 munitum

142 434 179 462 et
202 427 322 462 valido
340 428 522 464 firmatum
551 429 744 474 praesidio.
798 429 888 475 Ejus
914 430 1056 464 castelli
1084 433 1317 478 expugnandi
1346 446 1411 480 spe

141 485 229 509 cum
258 476 445 521 equitibus
479 488 521 511 ac
556 476 627 511 levi
661 482 845 511 armatura
878 476 1063 522 profectus
1097 479 1288 526 Hannibal,
1324 493 1409 516 cum

141 521 341 568 plurimum
370 524 405 558 in
435 523 588 558 celando
618 524 762 569 incepto
791 523 836 558 ad
872 523 1048 559 effectum
1083 528 1160 572 spei
1196 526 1411 574 habuisset,³

142 575 248 604 nocte
277 570 426 605 adortus
453 582 523 605 non
558 570 690 605 fefellit
726 571 866 615 vigiles.
918 571 1057 606 Tantus
1092 581 1241 620 repente
1272 576 1410 611 clamor

142 622 197 650 est
232 617 408 663 sublatus,
444 624 482 652 ut
516 618 725 653 Placentiae
754 629 899 664 quoque
928 618 1124 654 audiretur.
1186 623 1312 668 Itaque
1342 623 1409 658 sub

141 663 262 698 lucem
290 676 377 699 cum
406 666 569 711 equitatu
598 666 724 700 consul
753 666 891 709 aderat,
922 665 1032 710 jussis
1060 668 1235 712 quadrato
1259 671 1408 715 agmine

141 711 346 756 legionibus
374 713 487 759 sequi.
541 714 720 759 Equestre
755 713 932 759 proelium
970 713 1118 749 interim
1144 717 1408 763 commissum5

141 758 176 793 in
202 770 283 804 qm,
312 760 399 805 quia
426 760 573 794 sancius
603 760 784 794 Hannibal
812 772 935 806 pugna
964 763 1133 808 excessit,
1165 775 1299 810 pavore
1328 765 1408 799 hos-

142 805 239 840 tibus
272 806 405 852 injecto
434 807 630 842 defensum
659 808 805 853 egregie
831 807 1056 853 praesidium
1083 817 1149 844 est.
1202 811 1408 847 Paucorum

139 853 226 888 inde
251 853 395 888 dierum
421 855 544 900 quiete
573 863 727 900 sumpta,
759 861 795 888 et
822 854 972 889 vixdum
1000 857 1088 891 satis
1113 865 1302 903 percurato
1330 859 1407 894 vul-

138 911 236 946 nere,
257 900 305 935 ad
331 901 558 936 Victumvias
582 902 845 948 oppugnandas
871 902 922 936 ire
951 903 1081 948 pergit.
1134 904 1174 939 Id
1202 908 1407 952 emporium

139 946 330 982 Romanis⁴
363 948 504 983 Gallico
537 949 633 984 bello
668 949 785 984 fuerat
818 950 1024 984 munitum:
1063 951 1146 986 inde
1180 952 1300 988 locum
1335 954 1406 988 sre-

138 1001 403 1040 quentaverant
431 995 579 1030 accolae
614 997 717 1031 mixti
752 996 914 1042 undique
952 1008 999 1031 ex
1031 998 1200 1034 finitimis
1240 1001 1405 1047 populis3

137 1048 174 1076 et
202 1048 279 1078 tum
307 1049 418 1077 terror
444 1043 717 1089 populationum
747 1056 789 1078 eo
822 1044 1017 1090 plerosque
1052 1058 1099 1081 ex
1127 1047 1223 1091 agris
1256 1059 1404 1094 compu-

137 1088 239 1124 lerat.
290 1089 409 1136 Hujus
440 1091 585 1135 generis
617 1091 822 1134 multitudo⁷
858 1090 958 1124 fama
991 1092 1146 1138 impigre
1180 1094 1322 1129 defensi
1356 1096 1403 1131 ad

137 1135 362 1171 Placentiam
398 1138 570 1182 praesidii
603 1149 771 1182 accensa,
799 1138 910 1172 armis
937 1140 1106 1184 arreptis⁵
1131 1140 1279 1176 obviam
1307 1142 1403 1178 Han-

135 1183 247 1218 nibali
273 1183 448 1229 procedit.
500 1184 623 1229 Magis
647 1185 796 1230 agmina
821 1196 932 1230 quam
963 1186 1078 1221 acies⁶
1106 1188 1141 1222 in
1170 1189 1228 1222 via
1254 1200 1402 1225 concur-

135 1236 281 1276 rerunt3
323 1237 358 1265 et
396 1242 483 1265 cum
516 1243 562 1266 ex
594 1232 708 1266 altera
743 1238 844 1277 parte
879 1233 967 1267 nihil
1002 1241 1145 1279 praeter
1178 1235 1401 1273 inconditam

137 1277 280 1312 turbam
311 1283 419 1323 esset,
450 1278 484 1312 in
514 1278 629 1313 altera
657 1285 694 1313 et
723 1279 798 1313 dux
825 1280 933 1314 militi
964 1287 1000 1315 et
1030 1281 1114 1316 duci
1140 1283 1248 1317 miles
1272 1284 1399 1331 fidens,

134 1324 181 1359 ad
208 1325 355 1369 triginta
379 1325 540 1370 quinque
567 1326 668 1360 milia
697 1325 889 1361 hominum
915 1339 937 1361 a
962 1328 1090 1374 paucis
1108 1329 1199 1364 fusa.
1252 1331 1399 1366 Postero

134 1371 194 1406 die
239 1372 424 1406 deditione
470 1372 567 1407 sacta
607 1373 832 1419 praesidium
875 1375 968 1409 intra
1011 1377 1155 1411 moenia
1197 1389 1400 1425 accepere3

140 1417 306 1465 jussique
323 1431 426 1454 arma
443 1420 586 1454 tradere
606 1432 691 1455 cum
718 1420 816 1455 dicto
841 1422 1058 1468 paruissent,
1079 1425 1221 1469 signum
1249 1433 1399 1472 repente

133 1466 330 1502 victoribus
358 1466 472 1512 datur,
505 1473 544 1502 ut
574 1474 763 1513 tamquam
792 1468 829 1502 vi
858 1475 1005 1515 captam
1031 1471 1161 1506 urbem
1188 1471 1397 1518 diriperent.

132 1513 266 1559 Neque
292 1514 376 1559 ulla,
396 1526 490 1560 quae
516 1515 551 1549 in
579 1514 643 1549 tali
669 1526 707 1549 re
733 1516 987 1551 memorabilis
1012 1518 1267 1553 scribentibus⁷
1285 1521 1398 1556 videri

133 1560 235 1606 solet,
269 1562 529 1606 praetermissa
561 1562 687 1596 clades
719 1568 796 1597 est:
832 1562 925 1596 adeo
959 1565 1078 1598 omnis
1119 1565 1281 1601 libidinis
1317 1579 1397 1603 cru-

133 1606 367 1654 delitatisque
412 1615 448 1643 et
490 1608 713 1644 inhumanae
751 1610 944 1655 superbiae
986 1610 1127 1646 editum
1168 1613 1205 1648 in
1244 1614 1398 1650 miseros

133 1655 351 1736 ξκετῃρΙυηι
385 1661 451 1690 est.
518 1656 598 1691 Hae
630 1656 733 1691 fuere
771 1656 944 1692 hibernae
978 1658 1230 1705 expeditiones
1264 1661 1397 1697 Hanni-

161 1702 240 1737 alis.

174 1803 184 1821 ¹
201 1806 208 1819 ‘
221 1802 300 1834 And
315 1802 487 1834 wherever
500 1803 555 1834 the
571 1803 696 1843 ground
713 1813 780 1834 was
794 1810 849 1834 too
865 1803 1003 1835 difficult
1022 1805 1159 1845 (rugged
1175 1806 1239 1838 and
1253 1808 1394 1845 broken)

133 1842 182 1874 for
197 1842 315 1874 these.’
364 1843 438 1874 The
462 1843 682 1882 manuscripts
705 1843 788 1874 h‘ave
805 1850 833 1874 et
849 1854 1002 1884 quaeque,
1022 1845 1078 1876 the
1101 1846 1244 1878 editions
1267 1854 1295 1879 et
1318 1860 1393 1888 qna.

134 1883 200 1914 We
210 1883 294 1914 have
307 1883 405 1923 given
416 1883 471 1914 the
485 1884 673 1922 conjecture
686 1890 713 1914 et
727 1890 762 1914 ut
775 1894 933 1923 quaeque;
953 1884 1024 1916 that
1037 1885 1076 1922 is,
1097 1889 1104 1902 ‘
1117 1887 1246 1924 aseach
1260 1887 1395 1929 locality

132 1933 202 1954 was
219 1933 309 1954 more
325 1923 488 1954 difficult„y
536 1924 600 1954 See
618 1923 750 1962 Zumpt,
768 1924 786 1956 ᾗ
803 1926 872 1955 710.

172 1963 384 2004 ²Emporium
408 1964 436 1994 is
459 1964 601 2002 literally
627 1967 666 1994 ‘a
688 1963 818 2003 trading
840 1963 959 2002 place,’
985 1965 1197 2007 particularly
1224 1971 1262 1999 ‘a
1283 1970 1390 2007 port;’
1444 2011 1447 2014 ‚

132 2002 195 2034 and
211 2003 371 2042 probably
387 2003 442 2034 the
460 2003 551 2042 place
569 2004 645 2034 here
660 2011 769 2034 meant
787 2014 856 2035 was
872 2015 914 2035 on
930 2004 986 2036 the
1004 2005 1063 2036 Po.

172 2044 184 2061 ³
199 2042 348 2073 Connect
364 2045 539 2083 plurimum
555 2045 638 2084 spei;
668 2048 675 2060 ‘
688 2055 723 2074 as
740 2044 781 2074 he
797 2044 860 2075 had
877 2045 987 2076 rested
1006 2052 1094 2077 most
1116 2046 1154 2077 of
1170 2047 1222 2078 his
1245 2047 1329 2087 hope
1352 2049 1391 2080 of

132 2082 223 2119 (with
240 2083 356 2122 regard
373 2087 417 2117 to)
433 2094 568 2114 success
583 2094 671 2122 upon
686 2084 742 2115 the
759 2084 985 2116 concealment
1001 2086 1038 2116 os
1049 2086 1104 2117 the
1115 2087 1359 2128 undertaking.’

171 2123 183 2141 ⁴
197 2122 272 2153 The
285 2122 394 2153 dative
410 2123 489 2154 with
505 2134 524 2154 a
536 2124 680 2162 passive,
697 2135 732 2155 as
745 2123 945 2165 frequently,
959 2126 1007 2157 for
1019 2128 1056 2157 ab
1069 2127 1148 2158 with
1162 2127 1218 2158 the
1233 2127 1388 2161 ablative.

132 2161 196 2194 See
217 2162 326 2194 Gram.
344 2164 361 2196 ᾖ
378 2166 447 2195 271.

170 2205 182 2222 ⁵
199 2206 206 2219 ‘
219 2203 352 2242 Having
368 2203 491 2242 hastily
507 2204 619 2235 armed
635 2204 862 2236 themselves.'

169 2241 321 2283 ⁶Agmen
343 2243 402 2277 (for
423 2245 560 2284 agimen,
587 2244 670 2275 from
693 2249 776 2286 ago),
802 2256 844 2276 an
865 2256 959 2285 army
974 2256 1011 2277 or
1032 2245 1244 2278 detachment
1266 2258 1309 2280 on
1331 2248 1388 2281 the

128 2282 263 2320 march;
287 2284 382 2320 acies,
401 2294 443 2315 an
458 2294 551 2323 army
567 2284 682 2316 drawn
696 2293 752 2316 out
769 2285 803 2316 in
817 2286 922 2318 battle
938 2296 1042 2326 array.

167 2324 179 2342 '¹
196 2326 204 2340 ⁴
217 2322 271 2355 To
287 2323 440 2362 writers,’
459 2324 537 2356 here
554 2324 610 2356 the
625 2324 813 2357 historians.

271 2364 354 2397 22*
678 2377 704 2401 R
