1539 2508
122 125 202 161 288
668 132 705 156 Τ.
730 131 843 157 mvn.

124 208 308 256 expeditis
343 207 625 254 equitibusque.¹
677 205 734 241 Ad
770 204 1029 240 lacessendum
1062 204 1207 240 hostem
1233 203 1391 250 carptim

124 258 235 293 Poeni
255 264 290 292 et
310 255 552 303 procursando
573 252 854 300 recipiendoque
873 264 954 287 sese
973 264 1194 299 pugnavere.
1245 250 1391 287 Restitit

124 317 189 340 suo
216 305 294 340 loco
313 306 474 340 Romana
499 303 610 336 acies.
663 302 778 336 Lenta
807 312 926 347 pugna
951 307 1051 336 etex
1067 299 1255 336 dictatoris
1271 299 1392 345 magis

125 365 237 400 quam
280 351 494 387 Hannibalis
537 350 604 385 suit
649 349 845 383 voluntate.
906 348 1064 383 Ducenti
1104 347 1152 383 ab
1193 346 1393 394 Romanis}

125 402 323 446 octingenti
353 400 510 434 hostium
538 397 718 432 cecidere.

175 448 341 483 Inclusus
368 446 452 482 inde
479 446 593 481 videri
623 443 816 488 Hannibal,
846 444 904 478 via
930 443 976 478 ad
1004 441 1201 478 Casilinum
1229 441 1392 488 obsessa,

127 508 210 530 cum
240 496 365 541 Capua
391 503 426 528 et
453 494 642 529 Samnium
669 498 705 526 et
732 498 872 526 tantuin
900 491 947 526 ab
974 498 1073 536 tergo
1099 490 1253 525 divitum
1280 489 1393 524 socio-

129 544 222 578 rum³
255 543 430 578 Romanis
464 547 693 576 commeatus
727 538 959 584 subveheret,
988 539 1133 573 Poenus
1167 538 1266 572 tunc⁴
1301 537 1395 572 iuter

129 591 324 625 Formiana
350 601 438 624 saxa
463 601 507 623 ac
535 589 670 623 Literni
699 598 828 621 arenas
853 595 1053 632 stagnaque
1079 584 1290 632 perhorrida
1324 585 1395 619 situ

129 638 384 673 hibernaturus
409 638 535 671 esset.⁵
585 637 664 671 Nec
684 634 929 669 Hannibalem
949 633 1080 668 sesellit
1099 633 1174 668 suis
1191 644 1231 667 se
1256 632 1398 681 artibus

129 686 217 732 peti.
270 686 395 731 Itaque
423 696 507 719 cum
535 696 600 730 per
627 683 830 718 Casilinum
857 683 1014 716 evadere
1042 692 1111 716 non
1130 685 1253 727 posset
1271 686 1396 727 peten-

128 735 239 779 dique
267 739 409 768 montes
437 740 472 767 et
499 733 626 778 jugum
647 730 845 766 Calliculae
865 729 1113 776 superandum
1133 735 1242 774 esset,
1263 727 1398 763 necubi

128 782 315 817 Romanus
350 780 528 815 inclusum
559 779 716 814 vallibus
741 789 874 823 agmen
901 777 1172 823 aggrederetur,
1199 774 1397 811 ludibrium

128 829 314 864 oculorum
350 829 473 874 specie
508 827 667 861 terribile
693 826 739 860 ad
768 825 1012 860 frustrandum
1041 824 1184 859 hostem
1210 834 1397 859 commen·

131 883 199 920 tus,
236 876 411 922 principio
446 875 560 910 noctis
594 874 722 908 furtim
756 873 955 907 succedere
997 871 1043 906 ad
1079 877 1223 906 montes
1256 870 1396 905 statuit.

131 924 289 959 Fallacis
314 923 451 958 consilii
478 922 559 956 talis
576 927 772 968 apparatus
791 920 870 954 fuit.
923 919 1040 954 Faces
1058 918 1221 964 undique
1239 929 1285 953 ex
1302 918 1398 963 agris

130 972 307 1006 collectae
327 970 520 1015 fascesque
540 970 722 1014 virgarum
749 974 859 1013 atque
885 967 977 1001 aridi
1005 966 1178 1001 sarmenti
1196 965 1397 1012 praeligan-

131 1027 187 1054 tur
213 1019 383 1054 cornibus
409 1018 531 1063 boum,
552 1028 643 1063 quos
667 1016 824 1050 domitos
851 1015 1118 1060 indomitosque
1144 1013 1279 1048 multos
1304 1014 1398 1047 inter

131 1074 290 1101 ceteram
326 1072 510 1111 agrestem
544 1063 717 1110 praedam
751 1062 896 1108 agebat.
949 1061 1007 1096 Ad
1041 1061 1114 1095 duo
1147 1060 1251 1095 mitia
1278 1059 1396 1095 ferme

131 1115 244 1149 boum
278 1114 433 1158 effecta3
477 1111 770 1156 Hasdrubalique
813 1110 1000 1154 negotium
1034 1108 1162 1146 datum
1197 1114 1236 1142 ut
1269 1108 1397 1154 primis

133 1162 294 1197 tenebris
328 1161 444 1196 noctis
477 1160 513 1195 id
547 1165 756 1194 armentum
790 1157 955 1191 accensis
989 1156 1157 1191 cornibus
1181 1155 1227 1190 ad
1254 1162 1398 1190 montes

132 1217 266 1255 ageret,
287 1209 460 1254 maxime,
481 1208 510 1242 si
530 1213 661 1254 posset,
682 1217 790 1250 super
808 1205 924 1239 saltus
940 1204 986 1239 ab
1005 1204 1109 1238 hoste
1130 1204 1300 1238 insessos.

186 1262 237 1292 17.
274 1257 406 1292 Primis
433 1255 595 1291 tenebris
621 1254 764 1288 silentio
792 1260 889 1287 mota
915 1259 1043 1298 castra,
1073 1251 1186 1286 boves
1212 1251 1398 1296 aliquanto

132 1312 216 1340 ante
243 1306 347 1349 signa
372 1305 456 1338 acti.
508 1303 579 1338 Ubi
605 1302 651 1336 ad
680 1301 820 1336 radices
847 1300 1024 1335 montium
1049 1300 1200 1345 viasque
1227 1306 1400 1344 angustas

135 1360 285 1387 ventum
320 1357 386 1396 est,
415 1351 563 1396 signum
597 1348 782 1394 extemplo
816 1348 922 1382 datur
955 1354 993 1382 ut
1027 1346 1196 1381 accensis
1228 1347 1400 1382 cornibus

133 1407 300 1435 armenta
334 1400 367 1433 in
403 1399 576 1433 adversos
608 1397 834 1432 concitentur
876 1401 1030 1429 montes.
1083 1394 1130 1429 Et
1163 1400 1286 1428 metus
1319 1394 1399 1440 ipse

136 1447 333 1482 relucentis
358 1446 532 1481 flammae
567 1457 613 1480 ex
646 1444 767 1490 capite
801 1443 971 1488 calorque
1003 1441 1080 1487 jam
1106 1441 1152 1476 ad
1180 1441 1321 1476 vivum⁵
1353 1441 1400 1476 ad

136 1496 283 1541 imaque
317 1505 492 1528 cornuum
525 1492 727 1527 adveniens
760 1490 859 1525 velut
893 1490 1100 1524 stimulatos
1125 1488 1243 1524 surore
1268 1489 1402 1535 agebat

135 1544 259 1578 boves.
311 1542 390 1580 Quo
407 1547 566 1587 ffepente
585 1540 761 1584 discursu,
782 1538 880 1573 haud
899 1549 1006 1572 secus
1023 1549 1135 1583 quam
1153 1536 1258 1572 silvis
1274 1537 1403 1572 monti-

135 1591 278 1636 busque
304 1590 480 1634 accensis,
500 1589 624 1623 omnia
648 1588 788 1622 circum
808 1586 964 1632 virgulta
989 1585 1138 1630 ardere3
1167 1585 1403 1631 capitumque

138 1639 233 1673 irrita
259 1638 444 1684 quassatio
470 1638 635 1672 excitans
661 1635 849 1671 flammam
880 1634 1070 1668 hominum
1103 1633 1241 1679 passim
1266 1631 1404 1667 discur-

138 1687 294 1721 rentium
314 1685 478 1731 speciem
499 1683 707 1731 praebebat.
747 1682 817 1721 Qui
836 1681 882 1716 ad
903 1682 1095 1716 transitum
1113 1680 1228 1715 saltus
1244 1679 1404 1714 insiden-

137 1733 225 1768 dum
252 1733 360 1768 locati
387 1739 499 1777 erant,
520 1731 583 1767 ubi
609 1731 645 1766 in
672 1730 828 1766 summis
851 1729 1036 1764 montibus
1053 1739 1097 1763 ac
1114 1739 1224 1774 super
1241 1739 1281 1762 se
1299 1738 1405 1774 quos-

177 1833 187 1850 ¹
206 1835 213 1848 ⁴
227 1831 324 1862 With
342 1831 398 1862 the
416 1829 630 1870 light-armed
648 1828 739 1864 (foot)
755 1827 895 1859 soldiers
911 1826 974 1858 and
988 1825 1044 1857 the
1060 1824 1216 1864 cavalry.'
1251 1823 1403 1856 Draken-

138 1871 273 1903 borch’s
290 1871 426 1911 reading
444 1872 470 1902 is
485 1883 556 1902 cum
570 1871 723 1910 expeditis
741 1869 900 1909 equitibus
916 1873 1013 1906 atque
1034 1868 1077 1898 ad
1099 1866 1319 1897 lacessendum
1333 1867 1404 1896 lios-

138 1919 200 1944 tem
214 1913 349 1952 carptim
367 1918 394 1942 et
410 1913 639 1952 procursando.
688 1910 777 1941 Ours
793 1916 880 1940 rests
896 1918 938 1939 on
955 1907 1010 1938 the
1028 1906 1194 1945 authority
1208 1905 1246 1937 of
1256 1905 1313 1936 the
1329 1905 1406 1936 best

139 1952 374 1990 manuscripts
395 1952 458 1983 and
476 1963 525 1983 we
543 1962 605 1983 can
620 1961 677 1982 see
695 1961 737 1981 no
759 1960 876 1981 reason
895 1948 972 1987 why
989 1946 1156 1978 Hannibal
1179 1946 1211 1977 in
1233 1945 1302 1977 this
1324 1945 1407 1976 kind

139 1993 177 2025 of
194 1993 308 2024 attack
324 1992 443 2023 should
461 2000 515 2023 not
533 1992 618 2023 have
635 1990 730 2023 made
747 2001 807 2022 use
824 1989 861 2020 os
879 1987 1094 2028 light-armed
1111 1986 1266 2026 infantry.

179 2034 192 2052 ²
209 2037 216 2050 ⁶
232 2033 286 2064 On
303 2033 358 2063 the
375 2032 445 2063 side
463 2032 500 2063 of
517 2033 572 2063 the
591 2032 765 2063 Romans.’
813 2031 877 2061 See
895 2029 1029 2068 Zumpt,
1049 2027 1067 2062 ᾗ
1084 2029 1156 2063 304,
1175 2029 1202 2058 b.

180 2076 192 2093 ³
209 2077 216 2090 ‘
230 2074 274 2104 So
291 2083 391 2112 many
407 2072 476 2103 rich
493 2072 610 2104 allies.⁷
659 2071 814 2103 Genitive
832 2069 987 2109 partitive
1003 2067 1173 2108 governed
1188 2068 1232 2106 by
1247 2072 1387 2098 tantum.

162 2115 191 2160 ‚⁴
206 2114 281 2145 The
303 2112 457 2185 ,qrdinary
473 2113 608 2152 reading
624 2113 652 2144 is
668 2118 792 2149 contra,
812 2110 923 2142 which
939 2110 966 2141 is
983 2116 1039 2140 not
1056 2107 1237 2148 supported
1252 2108 1296 2147 by
1311 2105 1404 2138 suffi-

140 2162 226 2187 cient
245 2162 299 2186 aut
327 2160 388 2185 orit
417 2178 423 2184 .

181 2196 193 2213 ⁵
207 2195 360 2226 Formiae
377 2164 440 2225 aiid
457 2193 643 2228 Liternum,
664 2193 795 2224 Roman
811 2199 920 2222 towns
936 2201 979 2222 on
995 2189 1051 2221 the
1067 2193 1248 2226 sea-coast,
1266 2187 1349 2219 both
1363 2197 1408 2219 no

141 2235 245 2267 doubt
262 2234 415 2266 sortified.
461 2234 535 2265 The
553 2232 826 2272 neighbourhood
843 2231 881 2263 of
899 2231 1073 2262 Liternum
1097 2230 1125 2261 is
1147 2227 1309 2261 rendered
1323 2237 1407 2268 very

141 2275 369 2315 disagreeable
386 2276 430 2314 by
446 2285 465 2305 a
481 2274 604 2309 marsh,
626 2273 769 2312 through
785 2272 895 2304 which
911 2271 968 2303 the
984 2271 1071 2302 river
1087 2270 1244 2302 Liternus
1259 2269 1365 2300 flows.

181 2318 194 2336 ⁶
211 2316 285 2362 ίΤρ
309 2315 365 2347 the
389 2315 495 2347 flesh.’
542 2314 581 2346 In
605 2313 753 2353 general,
779 2312 850 2343 that
874 2318 945 2352 part
968 2311 1007 2343 of
1024 2311 1081 2343 the
1104 2310 1194 2350 body
1210 2308 1323 2342 which
1345 2308 1407 2341 has

142 2364 322 2388 sensation.
