1507 2492
649 113 774 139 mmm
804 113 845 139 11.
1331 102 1406 137 155

140 189 257 226 citum
275 187 518 234 increpando:
547 186 820 221 simulationem
848 186 1043 220 intestinae
1061 185 1264 220 discordiae
1290 196 1406 220 reme-

140 236 242 272 dium
276 236 426 271 timoris·
454 237 664 278 inventum,
699 240 735 267 et
769 233 939 268 consules
968 234 1084 278 magis
1113 245 1182 267 non
1210 232 1405 279 confidere,

141 294 250 330 quam
270 294 340 318 non
364 283 515 317 credere
535 283 609 315 suis
635 280 841 315 militibus.²
890 281 1033 315 Novum
1063 280 1254 315 seditionis
1277 291 1405 325 genus,

140 330 327 365 silentium
363 330 552 375 otiumque
587 329 679 362 inter
711 336 882 362 armatos.
933 327 990 362 Ad
1021 327 1112 362 haec
1142 327 1177 362 in
1208 327 1407 361 novitatem

137 379 285 424 generis
310 377 541 422 originisque,
562 387 633 421 qua
659 375 759 417 salsa,
780 386 852 420 qna
879 386 964 408 vera
992 374 1142 420 jacere.³
1191 374 1292 408 Haec
1320 384 1406 408 cum

139 424 208 460 sub
241 424 318 471 ipso
352 424 447 458 vallo
481 425 664 469 portisque
698 429 910 467 streperent,
947 421 1044 456 haud
1087 432 1194 466 aegre
1235 420 1407 455 consules

138 471 226 517 pati.
280 473 326 506 At
348 470 537 516 imperitae
561 469 783 504 multitudini
811 481 908 503 nunc
936 469 1146 514 indignatio,
1170 479 1266 503 nunc
1292 467 1406 513 pudor

186 524 286 553 etora
305 529 449 552 versare
468 524 503 551 et
526 517 574 551 ab
601 516 779 551 intestinis
804 523 968 550 avertere
995 516 1123 550 malis:
1151 515 1247 550 nolle
1274 515 1406 549 inultos

165 573 271 611 ostes,
300 565 396 599 nolle
423 566 663 609 successum,⁴
686 575 752 598 non
783 563 957 607 Patribus,
987 575 1055 597 non
1083 562 1318 606 consulibus;
1343 573 1405 596 ex-

138 618 241 647 terna
259 618 294 646 et
313 611 515 646 domestica
533 611 616 645 odia
633 618 771 645 certare
791 612 824 645 in
844 612 988 645 animis.
1039 610 1204 645 Tandem
1233 615 1406 655 superant

139 667 312 694 externa:
347 658 439 693 adeo
466 658 622 704 superbe
651 658 918 704 insolenterque
946 658 1058 692 hostis
1084 657 1269 692 eludebat.
1320 655 1404 691 Fre-

137 712 294 752 quentes
323 706 357 740 in
393 707 612 752 praetorium
643 706 874 749 conveniunt,
904 712 1053 750 poscunt
1084 716 1254 750 pugnam,
1283 710 1404 749 postu-

137 752 212 788 lant
241 759 280 788 ut
308 754 450 798 signum
480 752 597 786 detur.
649 752 822 786 Consules
850 752 949 786 velut
976 751 1254 786 deliberabundi
1281 751 1405 796 capita

136 800 338 845 conserunt,
367 799 427 834 diu
454 799 717 843 colloquuntur.
770 799 935 843 Pugnare
962 798 1179 844 cupiebant,
1214 797 1279 831 sed
1312 805 1403 832 retro

136 846 341 882 revocanda
365 852 402 880 et
427 845 597 881 abdenda
627 845 809 892 cupiditas
837 854 924 889 erat,
956 853 991 880 ut
1027 844 1254 880 adversando
1288 856 1402 879 remo-

135 893 321 940 randoque
355 893 502 928 incitato
535 893 650 927 semel
686 893 790 927 militi
832 893 1007 927 adderent
1052 894 1243 938 impetum.
1310 892 1402 926 Red-

135 940 232 976 ditur
273 951 496 987 responsum,
543 941 775 975 immaturam
820 952 896 975 rem
940 941 1011 985 agi,
1053 939 1215 975 nondum
1258 946 1404 984 tempus

134 999 279 1035 pugnae
306 999 410 1023 esse:
440 988 569 1022 castris
596 999 635 1021 se
663 993 840 1022 tenerent.
894 987 1051 1022 Edicuut
1078 987 1173 1030 inde,
1201 992 1238 1020 ut
1266 986 1402 1021 abstin-

135 1041 221 1070 eant
247 1046 389 1081 pugna:
417 1035 447 1070 si
465 1035 548 1081 quis
575 1034 711 1080 injussu
738 1036 962 1080 pugnaverit,
992 1043 1028 1069 ut
1055 1035 1089 1069 in
1118 1034 1260 1068 hostem
1286 1034 1403 1068 anim·

134 1082 362 1117 adversuros.
424 1082 477 1116 Ita
510 1081 683 1124 dimissis,
719 1093 789 1127 quo
823 1082 945 1116 minus
987 1081 1157 1116 consules
1199 1080 1293 1114 velle
1327 1091 1403 1114 cre-

136 1129 238 1175 dunt,
276 1129 406 1164 crescit
448 1130 553 1163 ardor
594 1129 790 1174 pugnandi.
858 1130 1048 1163 Accedunt
1091 1129 1238 1173 insuper
1279 1127 1403 1162 hostes

135 1175 295 1211 ferocius
319 1176 443 1221 multo,
471 1182 509 1210 ut
540 1176 708 1210 statuisse
738 1186 805 1209 non
837 1186 998 1221 pugnare
1024 1175 1191 1209 consules
1217 1175 1401 1219 cognitum

136 1232 214 1258 est:
245 1224 381 1269 quippe
410 1224 560 1268 impune
587 1233 626 1256 se
653 1222 895 1267 iiisultaturOS,
924 1234 992 1257 non
1022 1221 1120 1256 credi
1152 1222 1257 1256 militi
1286 1233 1400 1267 arma,

136 1281 215 1305 rem
255 1270 302 1304 ad
339 1270 510 1304 ultimum
552 1269 741 1303 seditionis
782 1276 1000 1315 erupturam,
1036 1269 1223 1315 finemque
1257 1270 1401 1304 venisse

114 1317 298 1352 .Roman0
349 1317 513 1362 imperio.
581 1316 644 1350 His
694 1316 774 1351 freti
823 1323 1012 1351 occursant
1063 1317 1183 1362 portis,
1236 1316 1403 1361 ingerunt

135 1364 276 1410 probra,
306 1375 416 1409 aegre
443 1364 627 1398 abstinent
659 1364 743 1409 quin
779 1370 897 1398 castra
930 1372 1152 1410 oppugnent.
1206 1364 1403 1399 Enimvero

135 1422 206 1446 non
241 1411 334 1446 ultra
369 1411 629 1446 contumeliam
664 1411 740 1456 puti
774 1411 960 1446 Romanus
993 1423 1120 1457 posse:
1159 1412 1242 1445 totis
1274 1412 1404 1446 castris

135 1458 297 1504 undique
331 1459 377 1493 ad
411 1458 580 1493 consules
613 1458 775 1492 curritur.
828 1459 908 1493 Non
942 1458 1015 1504 jam
1053 1459 1203 1502 sensim,
1230 1464 1270 1493 ut
1303 1465 1400 1503 ante,

136 1516 202 1551 per
234 1505 484 1540 centurionum
529 1505 714 1550 principes
756 1505 950 1550 postulant,
987 1504 1051 1539 sed
1094 1506 1231 1551 passim
1273 1516 1403 1539 omnes

137 1552 359 1587 clamoribus
385 1558 510 1597 agunt.
562 1552 710 1585 Matura
733 1563 791 1585 res
819 1558 917 1593 erat;
952 1552 1236 1596 tergiversantur
1263 1559 1401 1586 tamen.

137 1598 273 1634 Fabius
290 1598 436 1643 deinde,
454 1599 498 1632 ad
518 1604 744 1632 crescentem
766 1598 963 1631 tumultum
982 1598 1059 1642 jam
1085 1606 1186 1632 metu
1215 1597 1403 1634 seditionis

137 1646 280 1692 collega
313 1645 550 1688 concedente,
586 1655 670 1678 cum
705 1643 888 1677 silentium
923 1643 1076 1678 classico
1110 1644 1267 1691 fecisset,
1305 1646 1403 1691 ‘Ego

137 1695 234 1738 istos,
263 1693 327 1727 Cn.
357 1691 487 1735 Manli,
516 1702 621 1738 posse
649 1690 798 1724 vincere
825 1691 923 1734 scio;
957 1690 1053 1724 velle
1083 1702 1128 1725 ne
1162 1693 1305 1736 scirem,
1333 1693 1403 1738 ipsi

137 1739 315 1774 fecerunt.
382 1739 511 1784 Itaque
543 1744 684 1772 certum
718 1744 828 1782 atque
869 1737 1058 1772 decretum
1100 1745 1166 1783 est,
1202 1750 1272 1773 non
1314 1739 1402 1775 dare

138 1787 295 1832 signum,
330 1787 397 1821 nisi
433 1786 588 1820 victores
629 1795 669 1818 se
711 1784 888 1819 redituros
921 1796 967 1819 ex
1002 1784 1072 1819 hac
1113 1797 1236 1831 pugna
1268 1786 1401 1832 jurant.

138 1833 335 1869 Consulem
354 1834 557 1868 Romanum
577 1831 682 1866 miles
709 1831 825 1865 semel
851 1832 887 1865 in
913 1832 993 1866 acie
1020 1831 1172 1876 fefellit3
1198 1832 1288 1868 deos
1313 1846 1402 1869 nun-

138 1892 251 1927 quam
284 1880 413 1916 fallet.'
464 1879 636 1914 Centurio
665 1885 742 1912 erat
770 1878 824 1912 M.
856 1878 1074 1923 Flavoleius‚
1104 1880 1197 1914 inter
1221 1881 1402 1926 ¹primores

137 1939 281 1974 pugnae
315 1928 504 1973 flagitator.
559 1925 722 1969 ‘Victor,’
757 1925 882 1970 inquit,
921 1926 996 1960 ‘M.
1032 1926 1133 1967 Fabi,
1165 1935 1324 1962 revertar
1357 1939 1403 1963 ex

137 1975 244 2009 acie.’
296 1974 333 2010 Si
358 1974 470 2019 fallat,
489 1974 620 2009 Jovem
644 1978 787 2017 patrem
812 1972 1087 2019 Gradivumque
1113 1974 1273 2009 Martem
1299 1974 1402 2009 alios-

180 2072 191 2090 *
204 2071 294 2102 That
312 2071 351 2107 is,
374 2075 411 2102 ‘a
426 2081 540 2102 means
556 2070 593 2101 of
605 2077 658 2101 not
678 2069 778 2109 being
793 2070 935 2101 counted
951 2070 1123 2102 cowards.’

178 2111 192 2129 ⁵
208 2111 384 2151 Confidere.
405 2115 459 2142 ‘to
482 2110 574 2149 place
597 2109 786 2141 confidence
810 2110 868 2146 in‚'
893 2109 995 2142 refers
1020 2118 1052 2141 to
1076 2111 1131 2141 the
1154 2111 1270 2142 valour
1291 2110 1330 2141 of
1346 2110 1403 2142 the

139 2150 301 2188 soldiers;
325 2153 460 2186 credere,
483 2156 491 2167 ⁴
503 2158 537 2181 to
554 2150 665 2185 trust‚'
685 2157 718 2180 to
734 2149 820 2180 their
834 2150 1040 2190 willingness
1056 2158 1090 2182 to
1106 2150 1199 2187 fight.

178 2190 281 2222 ’The
305 2191 487 2222 Etruscans
510 2200 564 2221 are
588 2189 690 2228 proud
712 2189 750 2220 os
771 2190 856 2221 their
879 2191 1054 2230 antiquity‚
1081 2191 1144 2222 and
1167 2189 1324 2229 reproach
1346 2189 1403 2221 the

141 2229 290 2262 Romans
307 2231 387 2262 with
404 2231 460 2262 the
477 2241 630 2261 newness
646 2229 778 2261 ostheir
793 2238 890 2262 state.

178 2272 192 2289 ⁴
206 2270 383 2311 Participle
399 2271 530 2311 passive
547 2270 630 2301 from
647 2270 702 2301 the
716 2270 911 2309 impersonal
925 2272 1062 2303 succedit
1080 2272 1172 2305 mihi,-
1203 2269 1303 2308 ‘they
1315 2279 1403 2301 were

139 2310 315 2351 unwilling
330 2311 399 2343 that
418 2318 555 2342 matters
571 2310 690 2342 should
706 2321 748 2350 go
765 2311 840 2341 well
855 2311 904 2342 for
921 2312 975 2342 the
992 2318 1106 2342 senate
1122 2309 1185 2342 and
1202 2309 1359 2342 consuls.'
