1539 2508
114 133 188 168 120
656 143 693 167 T.
715 142 829 168 mvn.

108 222 200 250 citer
216 216 406 260 obtulerat,
420 227 528 250 omne
547 216 760 250 Auruncum
775 215 910 250 bellum
926 216 1126 252 Pometiam
1141 216 1373 263 compulsum

109 270 175 297 est.
235 264 315 298 Nec
350 264 465 306 magis
499 269 576 307 post
610 263 785 307 proelium
815 274 924 308 quam
960 264 993 298 in
1027 263 1162 310 proelio
1195 263 1372 299 caedibus

108 316 352 356 temperatum
372 317 445 342 est:
476 315 511 342 et
529 310 627 342 caesi
646 310 831 354 aliquanto
850 310 971 355 plures
996 317 1097 345 erant
1123 322 1234 356 quam
1261 311 1368 356 capti,

107 363 142 391 et
177 365 302 402 captos
336 356 470 401 passim
501 355 783 390 trucidaverunt.
833 357 890 390 Ne
917 357 964 391 ab
991 357 1181 392 obsidibus
1206 358 1368 403 quidem,

107 404 167 449 qui
188 404 338 437 trecenti
358 402 500 447 accepti
521 414 670 436 nurnero
689 409 801 448 erant,
821 404 872 436 ira
891 403 974 438 belli
998 404 1185 438 abstinuit.
1237 405 1283 439 Et
1302 404 1371 439 hoc

106 462 200 484 anno
220 452 354 485 Rornae
378 448 652 493 triumphatum.

160 501 212 531 17.
247 498 367 531 Secuti
403 496 581 540 consules
617 496 740 540 Opiter
771 496 986 541 Verginius,¹
1020 497 1079 543 Sp.
1114 497 1268 542 Cassius,
1305 497 1369 532 Po-

106 545 256 578 metiam
297 545 408 588 primo
447 543 492 586 vi,
529 543 661 576 deinde
698 543 814 577 vineis
846 544 999 589 aliisque
1032 543 1202 590 operibus
1233 555 1368 590 oppug-

106 598 246 625 narunt.
299 591 336 625 In
365 602 455 635 quos
482 590 642 623 Aurunci
669 590 787 633 magis
811 589 885 635 jam
913 590 1122 636 inexpiabili
1149 589 1231 624 odio
1257 602 1368 636 quam

106 649 169 683 spe
188 638 310 683 aliqua
333 645 395 672 aut
420 637 611 670 occasione
638 637 761 681 coorti,
779 649 864 671 cum
890 637 1012 682 plures
1037 637 1110 682 igni
1137 648 1248 682 quam
1275 637 1369 671 ferro

106 692 234 719 armati
267 685 569 728 excucurrissent,
598 683 713 718 caede
743 684 981 729 incendioque
1011 689 1143 718 cuncta
1168 684 1365 729 complent.

107 732 234 766 Vineis
268 732 435 776 incensis,
471 731 598 765 multis
631 730 786 764 hostium
823 731 1021 765 vulneratis
1047 737 1084 765 et
1117 731 1255 775 occisis,
1285 741 1368 765 con-

106 779 224 813 sulum
260 790 402 825 quoque
436 778 591 812 alterurn
626 777 706 824 (sed
748 784 878 823 utrum,
921 789 1055 812 nornen
1097 784 1263 812 auctores
1297 788 1369 812 non

106 826 298 872 adjiciunt)
331 826 431 870 gravi
474 824 626 858 vulnere
667 836 714 858 ex
750 835 843 869 equo
884 824 1067 869 dejectum
1110 835 1220 870 prope
1261 824 1368 858 inter·

107 872 285 907 fecerunt.
351 874 504 907 Romam
550 871 633 905 inde
677 870 775 905 male
820 878 923 915 gesta
969 883 1006 905 re
1051 871 1230 915 reditum,
1275 871 1369 905 inter

107 919 241 954 multos
274 921 416 953 saucios
443 918 569 952 consul
599 929 662 963 spe
693 918 828 951 incerta
856 918 952 952 vitae
979 917 1124 951 relatus.
1175 916 1368 962 Interjecto

108 966 241 1000 deinde
275 966 371 1000 haud
408 977 538 1009 magno
573 965 698 1010 spatio,
726 965 820 1009 quod
850 964 1060 998 vulneribus
1087 963 1257 998 curandis
1286 975 1369 1010 sup-

108 1013 313 1059 plendoque
347 1012 523 1047 exercitui
557 1012 645 1046 satis
678 1018 785 1056 esset,
817 1023 899 1045 cum
929 1011 981 1045 ira
1010 1010 1146 1056 majore
1178 1010 1261 1045 belli
1292 1017 1369 1046 tum

108 1061 247 1094 viribus
275 1061 386 1094 etiam
415 1060 531 1092 auctis
560 1058 746 1092 Pometiae
775 1069 877 1091 arma
902 1058 1014 1092 illata.
1067 1058 1112 1092 Et
1138 1068 1234 1102 cum,
1253 1057 1371 1092 vineis

110 1107 253 1141 refectis
285 1107 428 1151 aliaque
458 1105 552 1140 mole
585 1105 682 1147 belli,
716 1104 790 1150 jam
825 1105 860 1138 in
893 1115 936 1138 eo
964 1109 1071 1148 esset,
1108 1109 1144 1137 ut
1179 1104 1215 1137 in
1248 1115 1371 1139 muros

110 1155 279 1188 evaderet
316 1154 431 1197 miles,
467 1152 602 1186 deditio
636 1159 690 1185 est
725 1151 832 1185 sacta.
900 1152 1069 1185 Ceterum
1103 1150 1217 1184 nihilo
1249 1151 1370 1185 minus

110 1201 216 1235 foede
251 1201 374 1235 dedita
407 1199 505 1244 urbe,
541 1210 652 1244 qnam
686 1198 714 1232 si
751 1204 858 1243 capta
894 1197 995 1243 foret,
1031 1197 1192 1232 Aurunci
1232 1197 1370 1243 passim

110 1249 292 1295 principes
322 1248 439 1281 securi
468 1247 640 1292 percussi,
668 1245 736 1280 sub
754 1256 884 1279 corona
913 1244 1118 1279 venierunt²
1145 1243 1260 1278 coloni
1289 1245 1370 1290 aiii3

110 1296 284 1342 oppidum
319 1295 490 1338 dirutum,
526 1304 612 1337 ager
653 1292 776 1326 veniit.
843 1291 1018 1326 Consules
1058 1291 1176 1336 magis
1215 1291 1262 1325 ob
1301 1292 1372 1326 iras

110 1343 267 1388 graviter
299 1342 402 1387 ultas,
437 1352 549 1386 quam
581 1340 627 1374 ob
669 1338 959 1384 magnitudinem
1000 1338 1154 1384 perfecti
1186 1337 1276 1372 belli
1309 1338 1371 1373 tri-

112 1389 344 1435 umpharunt.

165 1440 217 1471 18.
246 1437 446 1480 Insequens
469 1445 586 1469 annus
611 1434 826 1468 Postumum
854 1432 1056 1466 Cominium
1085 1437 1121 1466 et
1146 1431 1189 1466 T.
1208 1431 1371 1466 Lartium

113 1484 280 1518 consules
306 1482 445 1517 habuit.
498 1483 551 1516 Eo
577 1492 669 1514 anno
695 1480 843 1524 Romae,
871 1491 955 1514 cum
982 1490 1046 1525 per
1071 1477 1175 1512 ludos
1198 1478 1245 1513 ab
1272 1477 1371 1513 Sabi·

113 1542 239 1565 norum
268 1530 457 1575 juventute
484 1540 548 1574 per
577 1527 765 1562 lasciviam
796 1534 914 1560 scorta
947 1532 1165 1572 raperentur,
1195 1536 1373 1560 concursu

114 1577 302 1612 hominum
329 1577 405 1611 rixa
430 1587 474 1609 ac
502 1586 611 1621 prope
640 1574 818 1620 proelium
850 1573 938 1618 suit,
971 1583 1156 1618 parvaque
1185 1583 1229 1606 ex
1259 1583 1296 1606 re
1324 1572 1371 1606 ad

115 1624 350 1659 rebellionem
385 1629 549 1669 spectare
592 1633 649 1655 res
689 1620 890 1655 videbatur.
958 1619 1071 1665 Super
1113 1618 1198 1654 belli
1237 1618 1374 1653 Sabini³

114 1678 255 1706 metum
285 1671 320 1705 id
349 1681 492 1715 quoque
521 1676 737 1712 accesserat,
764 1667 859 1712 quod
889 1666 1035 1711 triginta
1061 1665 1136 1712 jam
1165 1666 1372 1710 conjurasse

115 1718 274 1764 populos,
308 1717 512 1751 concitante
546 1716 696 1750 Octavio
729 1714 908 1759 Mamitio,
943 1713 1030 1747 satis
1071 1712 1270 1747 constabat.
1330 1712 1372 1746 In

158 1821 168 1838 ¹
183 1819 227 1849 So
243 1819 298 1850 the
315 1819 553 1856 manuscripts3
579 1817 635 1847 the
652 1816 793 1847 editions
809 1815 996 1854 Virginius.
1040 1813 1080 1844 In
1095 1813 1152 1844 the
1168 1823 1258 1844 same
1279 1822 1370 1843 man-

117 1870 175 1891 ner
190 1859 245 1889 the
262 1869 357 1889 name
373 1858 409 1889 of
421 1859 475 1889 the
492 1864 567 1896 poet
585 1856 691 1896 Virgil
707 1856 734 1886 is
758 1856 889 1886 written
911 1863 1002 1884 more
1025 1852 1185 1891 correctly
1206 1851 1372 1892 Vergilius

119 1900 199 1930 than
221 1898 396 1938 Virgilius.
446 1897 557 1938 Opiter
579 1897 606 1927 is
629 1907 647 1927 a
663 1906 732 1927 rare
756 1904 965 1933 praenomen,
991 1892 1112 1928 which,
1138 1891 1312 1931 according
1340 1899 1373 1921 to

120 1939 174 1970 the
192 1938 245 1969 otd
261 1938 508 1977 grammarians,
529 1947 596 1967 was
612 1936 710 1975 given
726 1943 760 1965 to
775 1945 794 1966 a
809 1943 927 1973 person
950 1932 1063 1963 whose
1085 1931 1191 1962 father
1213 1931 1277 1962 had
1299 1930 1375 1962 died

121 1979 230 2010 before
246 1978 297 2008 his
313 1976 521 2016 grandfather
539 1982 682 2015 (quorum
697 1976 810 2006 obisset
823 1977 937 2015 pater).
1210 2010 1216 2015 .

159 2019 172 2037 ²
186 2018 251 2049 Sub
265 2028 378 2049 corona
394 2018 513 2051 venire,
536 2020 587 2045 ‘to
603 2017 642 2045 be
659 2015 731 2046 sold
748 2015 850 2046 under
866 2013 921 2044 the
938 2011 1073 2047 crown‚'
1092 2021 1132 2042 an
1148 2010 1300 2049 ordinary
1316 2020 1373 2041 ex-

121 2058 268 2097 pression
284 2057 332 2088 for
348 2056 403 2086 the
420 2056 487 2086 sale
504 2055 540 2085 of
557 2055 721 2092 prisoners
737 2054 774 2085 of
791 2064 869 2089 war,
888 2051 1047 2091 probably
1059 2052 1200 2081 because
1223 2061 1243 2080 a
1264 2060 1376 2081 crown

123 2109 191 2129 was
205 2104 260 2136 put
277 2106 363 2135 upon
380 2096 470 2126 them
487 2102 520 2125 to
536 2094 676 2124 indicate
693 2094 763 2124 that
781 2094 865 2124 their
876 2093 958 2123 lives
971 2101 1058 2122 were
1071 2089 1209 2130 granted
1221 2096 1254 2121 to
1267 2089 1373 2127 them,

123 2138 193 2169 that
211 2137 289 2176 they
306 2146 391 2166 were
408 2142 463 2165 not
481 2141 515 2164 to
531 2134 570 2164 be
588 2140 643 2171 put
661 2140 695 2163 to
711 2133 821 2163 death.

163 2179 174 2196 ⁸
188 2177 263 2208 The
279 2175 429 2214 ordinary
445 2173 580 2211 reading
597 2174 622 2202 is
635 2172 743 2212 Supra
760 2174 833 2203 belli
847 2172 964 2203 Latini
977 2176 1110 2206 metrum·
1135 2170 1193 2200 but
1205 2168 1261 2199 the
1275 2168 1378 2207 thirty

124 2218 226 2248 tribes
250 2217 399 2256 (triginta
419 2215 540 2255 populi)
564 2222 618 2243 are
641 2212 695 2242 the
719 2212 820 2251 thirty
843 2212 942 2242 Latin
963 2210 1056 2241 cities
1080 2209 1189 2240 which
1212 2208 1335 2239 formed
1359 2218 1380 2238 a

125 2256 241 2295 league
265 2262 332 2291 (see
354 2255 375 2286 i.
393 2257 422 2290 3,
441 2264 472 2291 p.
489 2256 539 2288 20,
557 2259 632 2282 note
651 2255 690 2287 1),
711 2253 771 2282 and
786 2255 882 2292 super
903 2251 930 2281 is
954 2250 1008 2280 the
1031 2259 1207 2287 necessary
1228 2247 1375 2287 reading,

126 2296 300 2335 according
315 2303 349 2326 to
363 2293 450 2335 good
464 2292 573 2329 Latin,
592 2292 626 2323 in
640 2291 696 2322 the
713 2301 809 2323 sense
825 2291 861 2323 of
872 2288 1061 2326 additional,
1074 2300 1174 2329 supra
1186 2287 1285 2328 being
1296 2285 1380 2319 used

126 2335 204 2375 oniy
220 2335 257 2367 of
267 2335 370 2374 place,
393 2338 400 2350 ⁵
413 2332 538 2365 above?
