1523 2524
668 126 793 152 Lmen
814 126 919 151 xxu.
1343 113 1420 149 291

159 213 337 238 novorum
370 201 589 236 auxiliorum
623 212 837 236 concurrere
872 211 995 245 ausus,
1031 198 1176 233 delecto
1219 197 1334 233 milite
1375 197 1423 234 ad

159 261 274 285 naves
299 250 494 296 imposit0‚¹
523 249 685 295 quinque
712 255 748 282 et
775 249 919 292 triginta
954 247 1104 282 navium
1139 246 1256 280 classe
1285 246 1334 281 ire
1361 245 1423 282 ob-

158 297 258 332 viam
284 297 376 332 hosti
403 297 531 344 pergit.
586 296 708 331 Altero
743 296 790 331 ab
824 297 1029 330 Tarracone
1060 294 1119 329 (lie
1149 294 1193 328 ad
1227 295 1424 329 stationem

158 345 290 380 decem
319 345 418 380 milia
446 357 617 390 passuum
653 344 852 379 distantem
878 343 925 378 ab
951 343 1040 377 ostio
1069 343 1162 378 Iberi
1198 342 1318 375 :tinnis
1344 353 1423 387 per-

158 393 269 428 venit.
321 392 411 427 Inde
447 393 541 427 duae
576 392 868 427 Massiliensium
904 390 1168 437 speculatoriae
1196 391 1422 435 praemissae

158 440 330 476 rettulere
349 441 505 475 classem
528 440 704 474 Punicam
731 447 826 473 stare
856 440 888 473 in
918 440 1008 473 ostio
1033 438 1207 483 fluminis,
1228 444 1422 482 castraque

156 488 190 523 in
220 489 297 534 ripa
323 488 452 533 posita.
506 488 633 533 Itaque
660 494 698 522 ut
727 487 949 533 improvidos
980 487 1219 531 incautosque
1250 485 1422 520 universo

157 536 267 571 simul
294 536 412 570 effuso
438 542 572 570 terrore
599 535 832 581 opprimeret,
854 535 1008 569 sublatis
1036 535 1177 568 ancoris
1203 533 1248 567 ad
1277 533 1420 570 hostem

156 583 268 618 vadit.
320 583 461 618 Multas
487 591 523 618 et
551 582 642 617 locis
669 582 755 617 altis
783 583 921 628 positas
953 589 1070 617 turres
1097 581 1271 627 Hispania
1297 580 1419 626 habet,

155 632 288 677 quibus
306 637 341 666 et
361 631 522 677 speculis
539 637 574 665 et
594 630 875 676 propugnaculis
892 631 1070 664 adversus
1084 629 1241 663 latrones
1258 635 1419 662 utuntur.

155 679 244 714 Inde
263 679 380 725 primo
400 678 608 725 conspectis
635 678 794 713 hostium
822 678 979 713 navibus
1005 677 1130 712 datum
1160 678 1306 722 signum
1332 676 1421 711 Has-

154 726 299 762 drubali
326 732 392 772 est,
422 726 674 772 tumultusque
701 727 800 772 prius
828 726 861 760 in
891 732 983 760 terra
1010 733 1045 759 et
1073 725 1201 759 castris
1227 736 1336 770 quani
1373 723 1420 759 ad

154 786 255 810 mare
274 781 310 810 et
328 774 374 809 ad
395 786 508 809 naves
527 782 582 808 est
600 781 708 818 ortus,
733 774 893 808 nondum
913 780 973 808 aut
994 773 1098 820 pulsu
1121 784 1304 807 remorum
1331 777 1420 806 stre-

153 822 304 869 pituque
330 822 400 856 alio
427 822 572 856 nautico
600 822 782 865 exaudito,
803 828 864 856 aut
891 821 1140 867 aperientibus
1165 820 1322 855 classem
1341 831 1420 865 pro-

155 870 363 905 montoriis:
392 881 479 904 cum
498 876 648 915 repente
668 881 781 914 eques
807 869 901 903 alius
927 880 1035 915 super
1061 869 1174 903 aliurn
1194 868 1242 902 ab
1262 867 1420 902 Hasdru-

152 917 236 952 bale
255 918 393 952 missus
411 929 523 962 vagos
542 918 577 952 in
598 917 699 951 litore
718 918 935 963 quietosque
964 917 998 951 in
1025 916 1191 951 tentoriis
1218 916 1305 960 suis,
1328 914 1420 951 nihil

152 965 276 1000 minus
302 977 414 1012 quam
444 965 587 1000 hostem
613 971 675 999 aut
703 964 881 1011 proelium
910 977 952 999 eo
979 964 1038 998 die
1067 970 1315 1010 expectantes,
1336 974 1419 997 con-

152 1013 332 1048 scendere
361 1025 474 1048 naves
501 1025 654 1059 propere
681 1019 792 1058 atque
819 1025 922 1047 arma
948 1023 1081 1058 capere
1106 1012 1228 1058 jubet:
1260 1011 1420 1045 classem

151 1061 356 1096 Romanam
374 1060 448 1107 jani
470 1061 565 1095 haud
587 1060 708 1106 procul
729 1068 832 1105 portu
852 1072 947 1094 esse.
999 1060 1099 1094 Haec
1115 1059 1260 1105 equites
1277 1058 1420 1093 dimissi

151 1109 289 1154 passim
318 1108 556 1153 imperabant.
610 1109 699 1142 Mox
728 1107 932 1141 Hasdrubal
963 1107 1038 1152 ipse
1068 1119 1151 1141 cum
1186 1107 1287 1141 omni
1317 1117 1418 1141 exer-

151 1156 224 1190 citu
249 1155 399 1199 aderat3
428 1156 600 1200 varioque
627 1156 750 1189 omnia
778 1154 934 1189 tumultu
962 1160 1137 1199 strepunt,
1167 1153 1356 1189 ruentibus
1384 1155 1419 1188 in

151 1214 266 1238 naves
307 1202 416 1237 simul
459 1203 661 1247 remigibus
702 1202 964 1247 militibusque,
1002 1201 1217 1247 fugientium
1249 1203 1366 1247 magis
1398 1213 1420 1236 e

152 1256 246 1285 terra
263 1261 375 1295 quam
395 1249 429 1284 in
450 1261 607 1296 pugnam
628 1250 795 1284 euntium
824 1250 941 1284 modo.
995 1249 1154 1284 Vixdum
1181 1261 1310 1284 omnes
1336 1260 1420 1284 con·

151 1298 380 1343 scenderant,
416 1309 502 1332 curn
535 1297 596 1331 alii
633 1297 799 1331 resolutis
827 1299 897 1331 oris
932 1298 965 1332 in
1000 1308 1152 1331 ancoras
1189 1296 1421 1341 evehuntur,2

151 1345 223 1388 alii,
259 1357 305 1380 ne
330 1345 417 1391 quid
448 1351 581 1390 teneat,
612 1345 792 1379 ancoralia
827 1345 1012 1389 incidunt3
1055 1345 1261 1391 raptimque
1296 1345 1421 1379 omnia

151 1404 392 1439 praepropere
433 1393 586 1438 agendo,
622 1393 782 1427 militum
815 1400 990 1439 apparatu
1028 1393 1173 1427 nautica
1215 1392 1420 1427 ministeria.

151 1441 409 1486 impediuntur,
441 1440 680 1486 trepidatione
716 1447 906 1475 nautarum
937 1452 1068 1486 capere
1098 1446 1134 1475 et
1163 1446 1287 1486 aptare
1317 1451 1420 1474 arma

150 1488 261 1523 miles
292 1487 516 1534 prohibetur.
585 1488 630 1522 Et
662 1487 738 1534 jam
773 1489 959 1523 Romanus
993 1499 1062 1522 non
1103 1487 1419 1534 appropinquabat

150 1535 268 1581 modo,
290 1535 353 1570 sed
373 1535 554 1570 direxerat
574 1535 684 1569 etiam
707 1537 739 1570 iu
759 1547 918 1580 pugnam
944 1547 1068 1569 naves.
1120 1535 1249 1580 Itaque
1275 1546 1346 1569 non
1372 1534 1420 1570 ab

150 1582 256 1618 hoste
275 1589 311 1618 et
336 1583 472 1629 proelio
492 1583 610 1628 magis
627 1583 736 1617 Poeni
757 1595 866 1628 quarn
896 1589 1039 1617 suomet
1066 1582 1135 1628 ipsi
1162 1582 1318 1616 tumultu
1348 1588 1419 1616 tur-

152 1631 225 1666 bati
244 1637 280 1665 et
308 1636 484 1676 temptata
511 1631 632 1664 verius
658 1642 779 1676 pugna
805 1642 914 1676 quam
943 1630 1040 1674 inita,
1072 1630 1106 1664 in
1125 1629 1252 1674 fugam
1279 1635 1420 1664 averte·

150 1684 232 1716 runt
250 1678 420 1713 classem.
474 1679 517 1713 Et
537 1690 619 1712 cum
639 1677 783 1712 adversi
802 1679 922 1713 amnis
942 1689 983 1712 os
1008 1677 1080 1711 lato
1105 1677 1244 1722 agmini
1272 1689 1316 1712 ac
1342 1683 1420 1713 tam

149 1726 277 1761 multis
302 1726 410 1761 simul
438 1725 669 1760 venientibus
696 1725 793 1760 haud
822 1737 909 1760 sane
938 1724 1104 1759 intrabile
1131 1725 1256 1769 esset?
1273 1725 1307 1759 in
1335 1724 1421 1760 litus

150 1774 288 1820 passim
316 1785 431 1807 naves
457 1779 620 1818 egerunt,
647 1779 758 1818 atque
784 1773 845 1807 alii
872 1772 977 1807 vadis
1001 1772 1062 1807 alii
1090 1772 1187 1807 sicco
1221 1771 1324 1807 litore
1358 1785 1420 1808 ex-

149 1821 274 1868 cepti‚⁴
308 1821 439 1867 partim
475 1821 606 1855 armati
640 1821 771 1867 partim
806 1821 975 1866 inermes,
1008 1820 1053 1854 ad
1097 1819 1311 1854 instructam
1355 1831 1420 1866 per

191 1913 200 1930 ¹
219 1911 338 1942 ‘After
355 1911 394 1942 lie
412 1911 475 1943 had
493 1919 549 1950 put
567 1922 608 1942 on
631 1910 733 1942 board
756 1910 811 1942 the
835 1910 974 1942 soldiers
998 1910 1124 1942 chosen
1146 1909 1196 1941 for
1218 1909 1274 1941 the
1297 1910 1416 1950 ships,’
1453 1916 1457 1917 ⁷

150 1953 192 1983 ad
208 1963 306 1982 naves
322 1952 501 1991 belonging
518 1952 783 1992 grammatically
799 1958 832 1982 to
848 1953 976 1984 delecto.

190 1991 339 2022 ²‘Sorne
356 1992 478 2031 having
492 1992 604 2023 untied
622 1992 677 2022 the
701 2003 797 2031 ropes
821 1992 929 2023 which
954 1991 1105 2023 fastened
1129 1991 1186 2022 the
1209 1991 1338 2022 vessels
1362 1993 1418 2031 (by

152 2031 336 2102 thehstern)
353 2032 476 2102 lto’the
504 2033 614 2069 shore,
644 2033 752 2072 swing
775 2040 831 2063 out
856 2039 889 2064 to
913 2043 981 2069 sea,
1001 2032 1064 2063 and
1087 2042 1140 2063 are
1165 2031 1242 2062 held
1265 2032 1309 2070 by
1333 2031 1420 2064 their

152 2082 212 2103 ane
239 2082 292 2102 ors
308 2082 348 2102 on
390 2097 396 2103 .

192 2113 204 2130 ³
220 2115 227 2128 ⁴
244 2111 319 2142 The
349 2083 465 2143 xgouth
492 2113 529 2144 of
550 2113 606 2143 the
634 2113 731 2150 river,
759 2113 841 2144 with
866 2113 921 2145 the
945 2120 1075 2145 current
1100 2112 1243 2152 running
1265 2111 1416 2152 strongly

153 2152 281 2192 against
298 2153 354 2183 the
371 2153 462 2198 ships
487 2155 650 2189 (adversi),
677 2165 746 2185 was
769 2162 826 2185 not
848 2154 957 2186 suited
981 2154 1030 2185 for
1054 2153 1109 2184 the
1132 2159 1287 2183 entrance
1304 2152 1341 2183 of
1361 2153 1416 2184 the

153 2192 261 2224 whole
277 2192 355 2224 fleet
372 2204 404 2224 ln
421 2204 483 2224 one
500 2193 664 2226 extended
689 2195 775 2226 line.'
824 2195 898 2226 The
923 2194 1144 2232 manuscripts
1169 2193 1253 2224 have
1275 2194 1413 2234 agmini,

154 2232 263 2264 which
281 2233 309 2264 is
325 2234 434 2265 better
449 2234 528 2265 than
546 2235 601 2265 the
618 2245 771 2266 common
788 2235 924 2275 reading
939 2236 1078 2276 agmine.

192 2275 205 2293 ¹
221 2276 229 2290 ‘
242 2273 342 2305 Some
356 2275 455 2314 being
468 2275 617 2306 received
631 2276 675 2315 hy
688 2275 826 2307 shallow
841 2276 964 2314 places,
979 2285 1072 2306 some
1086 2276 1129 2315 by
1141 2274 1195 2306 the
1209 2273 1270 2313 dry
1283 2273 1413 2311 bench:

154 2313 225 2345 that
242 2314 281 2351 is,
300 2314 356 2386 thhe
372 2326 449 2347 men
463 2315 578 2356 leaped
595 2324 651 2347 out
669 2316 707 2348 os
724 2316 779 2347 the
797 2316 901 2356 ships,
920 2327 1011 2347 some
1029 2326 1118 2355 upon
1133 2314 1273 2347 shallow
1290 2313 1413 2354 placen.

155 2364 248 2386 some
264 2365 300 2386 as
326 2366 391 2388 ore.
