1507 2492
695 103 821 130 mnan
842 104 867 129 1.
1361 92 1414 128 89

150 179 248 214 Nam
276 189 362 214 cum
395 177 494 213 velut
523 177 639 224 posito
666 177 761 213 bello
791 177 1040 212 fundamentis
1071 176 1196 223 templi
1226 176 1417 212 faciendis¹

150 226 308 278 aliisque
325 225 472 261 urbanis
489 225 662 278 operibus
689 226 867 259 intentum
895 237 934 259 se
961 236 1042 259 esse
1069 225 1267 259 simularet.
1288 224 1418 259 Sextus

150 273 248 308 filius
276 285 364 317 ejus
395 273 456 319 qui
485 285 660 308 miurinus
689 284 735 307 ex
762 273 875 307 tribus
901 279 989 316 erat,
1021 272 1213 317 transfugit
1243 284 1288 306 ex
1317 284 1418 306 com—

150 321 265 366 posito
283 320 429 365 Gabios,
449 321 561 365 patris
580 320 614 354 in
634 332 673 354 se
692 320 882 354 saevitiam
901 299 1184 354 intolerabilem
1179 330 1417 364 conquerens.

150 367 232 402 Jam
267 367 315 402 ab
347 367 479 402 alienis
513 380 547 401 ιιι
583 379 666 401 suos
700 369 850 401 vertisse
885 366 1117 419 superbiam3
1152 374 1188 401 et
1221 366 1418 400 liberorum

149 425 295 461 quoque
321 426 406 450 eum
435 414 675 459 frequentiae2
692 414 851 459 taedere,
873 423 920 448 ut.
944 425 1053 459 quam
1084 427 1118 448 ιιι
1138 414 1239 448 curia
1258 413 1418 447 solitudi-

150 473 236 496 nem
257 462 394 507 secerit‚
413 461 511 496 domi
531 473 674 507 quoque
696 462 814 507 saciat,
840 473 885 495 ne
913 473 1023 514 quain
1052 463 1212 507 stit-‚pem
1234 472 1279 495 ne
1306 472 1418 505 quem

151 508 326 544 heredem
358 509 460 554 regni
491 509 679 555 relinquat.
733 508 777 543 Se
805 509 955 554 quidem
986 509 1077 542 inter
1108 509 1178 542 tela
1212 516 1247 542 et
1280 507 1420 553 gladios

150 557 263 602 patris
280 538 458 603 elapsuerr„
479 556 566 590 nihil
592 568 744 601 usquam
771 557 837 591 sibi
865 563 982 590 tutum
1011 556 1078 590 uisi
1105 555 1206 608 apud·
1229 555 1352 589 hostes
1379 555 1420 589 L.

150 603 338 648 Tarquinii
366 603 578 638 credidisse.
629 604 725 638 Nam
753 615 798 638 ne
825 610 994 648 errarent,
1023 614 1172 637 manere
1199 603 1241 637 iis
1268 602 1417 644 bellum,

151 651 247 696 quod
282 651 439 697 positum
475 650 676 695 simuletur³
707 657 743 684 et
776 662 841 697 per
873 630 1104 685 occasionem
1139 662 1224 685 eum
1257 651 1421 684 incautos

152 698 375 733 invasurum.
426 698 563 736 Quodsi
580 689 676 743 apud
696 709 758 732 eos
776 698 1004 744 supplicibus
1023 698 1204 731 locusuon
1226 698 1279 741 sit,
1301 707 1419 742 perer·

152 751 314 780 raturum
341 757 381 780 se
407 757 516 780 omne
544 746 698 790 Latium,
723 745 946 792 Volscosque
973 757 1012 779 se
1039 745 1123 778 inde
1149 752 1183 779 et
1212 747 1359 790 Aequos
1383 749 1419 778 et

151 791 328 827 Hernicos
360 795 571 838 petiturum,
600 792 715 826 donec
744 793 788 826 :ul
817 804 880 827 eas
907 793 1106 837 perveniat
1135 792 1196 837 qui
1224 803 1245 825 a
1276 799 1420 837 patrum

153 838 365 874 crudelibus
381 846 492 885 atque
512 839 634 885 impiis
654 839 820 885 supliciis
845 846 968 879 terrere
995 839 1128 874 liberos
1154 839 1283 873 sciant.
1337 838 1420 872 For-

152 886 246 921 sitan
270 887 383 922 etiam
408 887 545 921 ardoris
570 887 707 932 aliquid
734 886 779 921 ad
807 887 946 921 bellum
973 898 1150 932 armaque
1177 898 1216 920 se
1243 885 1421 919 adversus

152 933 454 980 superbissimum
474 946 598 980 regem
617 946 660 968 ac
681 934 946 968 ferocissimum
971 934 1145 980 populum
1174 934 1418 967 inventurum.

152 981 256 1027 Cum,
287 982 316 1016 si
349 981 443 1016 nihil
471 982 721 1026 morarenturss³
748 981 913 1016 infensus
940 982 991 1015 ira
1018 992 1119 1027 porro
1147 980 1230 1014 inde
1256 980 1421 1014 abiturus

153 1028 349 1073 videretur,
379 1028 537 1074 benigne
566 1029 613 1063 ab
642 1029 794 1063 Gabinis
828 1029 1018 1074 excipitur.
1072 1028 1203 1062 Vetant
1230 1027 1362 1071 mirari,
1391 1026 1420 1060 si

152 1075 299 1121 qualis
291 1087 325 1110 in
352 1076 464 1121 cives,
466 1057 609 1122 t’qualis
635 1077 670 1110 in
698 1077 824 1111 socios
845 1077 926 1110 talis
952 1075 998 1110 ad
1025 1075 1197 1109 ultimum
1227 1075 1258 1108 in
1288 1074 1421 1108 liberos

153 1128 263 1157 esset.
313 1123 355 1157 In
373 1134 412 1157 se
431 1124 549 1168 ipsum
572 1130 752 1168 postremo
769 1124 1005 1166 saeviturum,
1022 1122 1051 1155 si
1071 1122 1143 1156 alia
1161 1122 1290 1155 desint.
1343 1120 1420 1155 Sibi

152 1180 239 1203 vero
258 1175 402 1215 gratum
429 1170 629 1204 adventum
656 1181 736 1214 ejus
762 1181 854 1203 esse.
876 1170 1109 1214 futurumque
1137 1170 1296 1221 credere⁷
1317 1167 1420 1202 brevi

153 1221 192 1250 ut
212 1216 270 1250 illo
288 1216 487 1262 adjuvante
505 1228 527 1250 a
543 1217 655 1263 portis
672 1216 824 1251 Gabinis
852 1217 920 1252 sub
937 1217 1101 1251 Romana
1117 1216 1264 1250 moenia
1282 1215 1420 1250 bellum

155 1263 403 1298 transferatur.

202 1313 259 1345 54.
287 1310 376 1345 lnde
406 1310 439 1345 in
468 1310 631 1345 consilia⁴
655 1310 802 1356 publica
829 1310 1006 1346 adhiberi.
1057 1310 1128 1346 Ubi
1155 1322 1238 1345 cum
1267 1309 1313 1344 de
1338 1309 1421 1344 aliis

154 1356 264 1392 rebus
303 1358 479 1392 assentire
523 1369 562 1392 se
596 1358 781 1392 veteribus
814 1358 968 1392 Gabinis
1000 1358 1150 1402 diceret,
1187 1358 1320 1404 quibus
1352 1368 1420 1392 eae

153 1404 312 1440 notiores
344 1411 478 1450 essent,
509 1406 586 1450 ipse
621 1405 823 1439 identidem
859 1405 945 1439 belli
974 1412 1099 1440 auctor
1133 1416 1213 1439 esse
1241 1413 1276 1439 et
1308 1405 1342 1439 in
1377 1415 1420 1438 eo

155 1451 225 1486 sibi
245 1453 481 1498 praecipuam
500 1451 730 1498 prudentiam
750 1464 948 1497 assumere,
969 1452 1064 1498 quod
1084 1453 1270 1497 utriusque
1298 1451 1421 1497 populi

156 1499 251 1534 vires
279 1505 412 1545 nosset,
445 1501 628 1545 sciretque
660 1500 812 1534 invisam
841 1499 1004 1544 profecto
1034 1499 1243 1545 superbiam
1279 1500 1421 1544 regiam

155 1546 299 1581 civibus
327 1558 420 1592 esse,
447 1559 557 1592 quam
588 1547 680 1580 ferre
710 1558 756 1580 ne
787 1546 890 1581 liberi
921 1546 1070 1592 quidem
1103 1546 1315 1592 potuissent.
1367 1546 1422 1580 Ita

155 1603 242 1628 cum
263 1594 399 1628 sensim
426 1594 473 1628 ad
499 1593 768 1629 rebellandum⁵
786 1594 962 1639 primores
987 1593 1214 1628 Gabinorum
1240 1593 1419 1643 incitaret,

196 1710 206 1727 ¹
220 1708 295 1739 The
318 1709 393 1740 best
415 1708 636 1747 manuscripts
653 1708 914 1747 givesacrkndis,
934 1714 990 1738 not
998 1708 1173 1748 iaciendis.
1218 1706 1306 1738 Both
1323 1707 1421 1738 verbs

156 1759 210 1780 are
227 1748 334 1780 used
327 1759 358 1780 ιιι
377 1748 443 1780 this
460 1759 578 1785 seuse;
605 1749 662 1779 but
680 1748 745 1779 this
761 1759 836 1786 may
852 1749 892 1778 be
910 1747 980 1779 said
1004 1748 1035 1778 in
1057 1748 1171 1778 favour
1193 1747 1229 1778 of
1247 1757 1306 1778 our
1328 1747 1420 1778 read-

156 1799 223 1829 ing
244 1789 314 1820 that
332 1788 388 1820 the
411 1789 494 1827 deep
497 1799 532 1820 er
548 1788 756 1820 foundations
781 1796 814 1819 ιο
831 1788 1113 1828 uhichjaciendis
1137 1787 1246 1818 would
1271 1787 1423 1826 properly

155 1829 254 1869 appl'y
270 1829 334 1860 had
350 1830 434 1860 been
452 1829 517 1861 laid
530 1840 622 1860 some
641 1829 720 1859 time
737 1828 860 1863 before,
881 1839 916 1859 as
935 1839 983 1859 we
999 1828 1087 1859 learn
1103 1827 1208 1859 from
1202 1839 1221 1859 ι.
1239 1830 1290 1863 38,
1309 1828 1421 1868 odfin.

195 1869 418 1909 'frequentia
435 1880 551 1901 means
574 1869 705 1907 usually
733 1869 940 1908 ‘tlironging.
967 1868 1136 1908 crowding
1150 1879 1157 1905 ;
1184 1869 1240 1899 the
1264 1878 1422 1906 presence

156 1909 194 1941 of
203 1917 296 1950 great
313 1910 497 1946 numbers‚’
516 1917 572 1940 not
591 1909 744 1954 merely‘
757 1920 775 1939 a
791 1917 882 1948 great
908 1893 1072 1943 ιιιιιιιιιεῑικἱ
1098 1920 1236 1947 magnus
1255 1919 1420 1939 numerus.

157 1949 233 1981 The
251 1949 341 1981 word
358 1950 417 1981 has
434 1934 524 1986 hei-e,
544 1957 611 1985 too,
631 1950 674 1980 its
691 1960 807 1989 proper
823 1950 989 1989 meaning.
1006 1949 1068 1980 and
1083 1959 1258 1987 expresses
1276 1948 1345 1979 that
1365 1948 1421 1978 the

157 1989 262 2030 king'
254 2000 282 2021 ιε
299 1990 454 2026 wearied,
474 1997 529 2021 not
545 1991 688 2020 because
705 1989 746 2020 he
762 1990 822 2021 has
839 2000 938 2029 many
954 1975 1102 2020 children
1126 1988 1263 2028 merely,
1283 1990 1341 2020 but
1365 1989 1421 2019 be-

158 2040 258 2061 cause
275 2029 317 2060 he
335 2030 394 2062 has
412 2040 510 2069 many
527 2031 625 2061 about
643 2029 723 2060 him.

197 2070 210 2088 ³
222 2069 318 2101 Nihil
330 2076 360 2101 te
375 2082 489 2106 moror,
511 2070 547 2100 I
564 2069 606 2100 do
622 2077 678 2099 not
694 2069 791 2109 delay
808 2070 899 2109 you)
927 2069 1125 2100 therefore‘
1138 2068 1153 2100 I
1177 2068 1312 2100 dismiss
1328 2067 1420 2106 y0u,’

157 2110 239 2141 used
264 2110 475 2149 particularly
492 2117 523 2141 at
548 2109 603 2140 the
628 2109 816 2140 dismission
841 2109 878 2140 of
899 2109 955 2141 the
978 2117 1093 2140 senate
1117 2110 1160 2148 by
1177 2109 1232 2139 the
1257 2101 1424 2148 presiding

157 2150 360 2189 magistrate.
405 2149 500 2182 Nihil
515 2150 563 2181 for
579 2161 655 2184 non,
675 2160 710 2180 as
727 2151 807 2180 οὺδὲν
822 2149 871 2180 sor
886 2152 928 2180 οὐ.
974 2151 1037 2181 See
1057 2149 1190 2188 Zumpt,
1210 2149 1227 2182 ὑ
1241 2151 1313 2179 677

199 2190 300 2221 ‘The
323 2189 474 2230 ordinary
499 2190 634 2229 reading
656 2189 683 2220 is
706 2190 852 2226 concilia,
880 2191 937 2221 but
965 2191 1105 2221 consilia
1127 2190 1154 2220 is
1178 2190 1305 2224 better3
1334 2187 1383 2218 sor
1405 2197 1425 2218 a

158 2230 288 2261 council
303 2230 501 2262 summoned
517 2238 551 2262 to
567 2230 642 2270 give
660 2229 786 2266 advice,
806 2214 889 2261 su’ch
913 2241 948 2262 as
972 2241 991 2261 a
1013 2229 1144 2261 council
1159 2228 1197 2259 of
1214 2238 1294 2264 war,
1315 2227 1343 2260 is
1365 2233 1424 2259 not

158 2275 280 2302 meant.

197 2311 210 2329 ⁵
223 2308 262 2341 In
278 2309 322 2384 it}
336 2320 455 2374 {roper
470 2310 533 2342 aud
550 2316 637 2342 most
653 2309 804 2349 frequent
821 2320 932 2347 sense,
952 2313 1006 2341 ‘to
1024 2319 1135 2342 renew
1150 2308 1207 2340 the
1221 2308 1319 2340 war.’
