1539 2508
127 115 208 152 260
668 125 706 152 T.
736 125 849 152 mvn.

125 211 287 247 pugnam
315 199 493 236 Hannibal
523 200 558 235 in
586 200 746 246 Ligures,
767 199 1001 246 Sempronius
1026 199 1180 235 Lucam¹
1199 199 1392 236 concessit.

127 248 295 283 Venienti
332 249 365 284 in
401 249 553 293 Ligures
588 247 781 283 Hannibali
816 259 880 294 per
913 247 1065 283 iusidias
1099 248 1292 295 intercepti
1319 247 1394 283 duo

126 303 338 342 quaestores
366 297 528 341 Romani,
549 296 586 330 C.
609 295 760 330 Fulvius
786 301 820 329 et
851 296 889 330 L.
918 295 1118 342 Lucretius,
1139 307 1225 331 cum
1250 295 1395 331 duobus

128 344 282 378 tribunis
300 344 456 379 rnilitum
475 350 511 377 et
529 344 691 389 quinque
706 343 887 389 equestris
904 343 1038 378 ordinis
1052 350 1261 378 senatorum
1276 342 1394 378 ferme

127 390 259 437 liberis,
279 403 350 437 quo
378 391 498 436 inagis
523 397 639 425 ratam
666 390 740 425 sore
767 402 853 426 cum
877 391 934 425 iis²
952 402 1083 438 pacem
1101 391 1393 437 societatemque

127 439 301 483 crederet,
323 438 522 473 traduntur.

173 490 228 521 60.
266 488 358 521 Dum
394 485 488 520 haec
522 486 556 521 in
591 486 694 521 Italia
726 486 926 539 geruntur‚³
959 486 1024 521 Cn.
1051 485 1240 521 Cornelius
1273 485 1393 538 Scipio

123 535 158 569 in
185 535 401 580 Hispaniam
436 545 521 568 cum
548 533 665 568 classe
692 540 728 568 et
755 534 918 568 exercitu
945 534 1090 586 missile,
1118 545 1202 568 cum
1230 533 1278 568 ab
1302 533 1393 567 ostio

121 581 284 617 Rhodani
317 581 500 628 profectus
527 582 808 634 Pyrenaeosque
836 587 981 616 montes
1006 581 1279 616 circumvectus
1308 581 1393 616 Em·

120 630 240 683 poriis⁴
257 630 457 676 appulisset
484 629 652 675 classem,
673 629 836 674 exposito
856 629 905 664 ibi
928 629 1100 675 exercitu,
1120 640 1224 663 orsus
1240 640 1262 662 a
1280 628 1393 662 Lace-

120 677 214 712 tanis
232 688 381 711 omnem
399 688 499 712 oram
515 688 630 730 usqu-e
644 677 688 711 ad
704 677 850 711 Iberum
864 677 1013 722 flumen>
1028 656 1160 723 par⁷tim
1175 675 1393 711 renovandis

120 724 356 760 societatibus
383 725 513 770 partim
532 725 634 759 novis
653 724 896 770 instituendis,
917 725 1103 759 Romanae
1121 723 1275 759 dicionis
1292 723 1391 758 fecit.

120 772 210 807 Inde
244 772 437 807 conciliata
471 773 694 807 clementiae
729 772 827 806 fama
862 783 933 807 non
966 772 1013 806 ad
1047 772 1251 807 maritimos
1283 770 1392 806 modo

119 819 282 872 populos,
311 820 375 854 sed
403 821 437 854 in
465 820 746 855 mediterraneis
771 831 917 866 quoque
947 831 991 854 ac
1017 819 1201 854 montanis
1225 819 1271 854 ad
1298 818 1390 853 fero-

119 879 236 902 ciores
260 879 375 913 JamU
355 874 484 902 <rentes
503 868 636 912 valuit3
630 869 651 889 '5
677 879 746 902 nec
763 879 834 913 pax
854 867 962 902 modo
979 866 1077 914 apud
1095 878 1170 913 eos,
1191 867 1256 902 sed
1275 866 1391 902 socie-

119 921 176 950 tas
193 915 306 950 etiarn
324 926 509 950 armorum
527 922 654 961 parata
672 921 737 961 est,
757 915 979 960 validaeque
1002 914 1142 960 aliquot
1159 894 1392 949 auxiliorum⁶

119 962 287 997 cohortes
304 974 351 997 ex
373 963 417 997 iis
443 963 670 1008 conscriptae
698 968 793 997 sunt.
846 962 1033 997 Hannonis
1058 962 1113 997 cis
1138 961 1286 997 Iberum
1312 972 1391 1008 pro-

118 1011 239 1045 vincia
257 1016 353 1045 erat:
383 1022 470 1045 eum
498 1010 693 1056 reliquerat
714 1009 896 1044 Hannibal
923 1009 969 1044 ad
997 1009 1154 1055 regionis
1180 1009 1261 1056 ejus
1285 1020 1390 1056 prae-

119 1058 267 1092 sidium.
299 1058 425 1111 Itaque
438 1058 652 1104 priusquam
664 1057 911 1092 alienarentur
921 1058 1054 1110 omnia,
1037 1036 1213 1092 &obviam
1225 1057 1390 1092 eundum

119 1112 228 1151 ratus,
248 1106 377 1140 castris
404 1106 440 1139 in
467 1111 664 1151 conspectu
692 1105 852 1140 hostium
879 1105 1015 1158 positis,
1040 1117 1077 1140 ln
1101 1104 1223 1140 aciem
1250 1105 1389 1140 eduxit.

118 1153 199 1188 Nec
218 1154 381 1188 Romano
399 1152 647 1188 differendum
675 1160 863 1187 certamen
882 1153 1014 1198 visum,
1033 1152 1171 1199 quippe
1189 1153 1253 1199 qui
1280 1152 1392 1187 sciret

118 1212 204 1236 cum
225 1201 399 1236 Hannone
419 1207 454 1235 et
469 1200 700 1235 Hasdrubale
720 1200 790 1235 sibi
807 1200 1061 1235 dimicandum
1081 1211 1174 1247 esse,
1187 1200 1390 1246 malletque

117 1249 295 1284 adversus
321 1249 481 1294 singulos
507 1248 716 1302 separatim,
736 1260 847 1301 quam
874 1248 1051 1283 adversus
1068 1247 1160 1283 duos
1181 1247 1293 1283 simul
1311 1259 1390 1283 rem

116 1307 257 1341 gerere.
309 1297 388 1331 Nec
415 1297 538 1341 magni
565 1297 777 1330 certaminis
802 1307 847 1329 ea
872 1296 1062 1330 dimicatio
1087 1296 1175 1330 suit:
1203 1307 1270 1331 sex
1287 1296 1390 1331 milia

117 1344 278 1378 hostium
305 1355 423 1378 caesa
444 1343 515 1378 dno
542 1350 649 1388 capta
668 1355 753 1378 curn
773 1343 952 1390 praesidio
971 1350 1184 1378 castrorum
1236 1344 1334 1378 Nam
1352 1350 1390 1378 et

117 1397 235 1426 castra
253 1397 463 1437 expugnata
480 1398 574 1435 sunt,
588 1397 697 1436 atque
716 1391 794 1436 ipse
807 1390 881 1424 dux
899 1402 987 1425 cum
1004 1391 1142 1436 aliquot
1162 1390 1390 1437 principibus

117 1439 331 1485 capiuntur:
324 1441 346 1461 ·⁷
372 1444 407 1473 et
426 1439 547 1483 Cissis,
567 1438 812 1484 propinquum
838 1438 968 1472 castris
993 1438 1182 1484 oppidum,
1202 1449 1388 1484 expugna-

119 1491 187 1521 tur.
238 1486 411 1521 Ceterum
430 1486 565 1532 praeda
590 1485 714 1532 oppidi
733 1486 836 1532 parvi
855 1486 962 1532 pretii
981 1497 1103 1520 rerum
1119 1485 1198 1533 fuit,
1219 1486 1388 1533 supellex

115 1626 188 1656 alae
200 1623 263 1655 and
283 1624 466 1664 praefectus
482 1622 720 1659 cohortis)‚1he
737 1632 829 1653 same
843 1632 879 1653 as
896 1621 953 1653 the
970 1623 1096 1654 trffiuni
1109 1623 1252 1654 militum
1273 1628 1308 1654 to
1329 1621 1388 1654 the

300 1675 319 1690 D*

119 1664 421 1736 Rffn'i‘ahnehiiiosdresrn
446 1704 569 1740 Lucca,
596 1703 652 1734 the
676 1702 927 1734 southernmost
950 1703 1020 1743 city
1041 1702 1080 1734 of
1096 1702 1245 1743 Liguria
1264 1713 1307 1735 on
1329 1703 1387 1735 the

117 1746 252 1777 borders
266 1745 303 1776 of
315 1745 458 1776 Etruria.
495 1744 524 1775 It
540 1754 570 1774 w
574 1755 609 1775 as
623 1743 777 1782 already
771 1754 803 1774 in
820 1743 875 1774 the
892 1743 1086 1789 possession
1097 1743 1136 1775 of
1145 1744 1203 1775 the
1220 1743 1383 1781 Romans,

116 1786 192 1817 who
209 1786 338 1825 shortly
355 1784 547 1816 afterwards
564 1784 688 1815 settled
705 1795 724 1815 a
740 1784 883 1823 colony
876 1795 908 1815 in
925 1784 960 1815 it.

185 1825 302 1856 ‘With
317 1820 594 1861 {11e1n'--1hat'1s,
609 1825 664 1855 the
684 1825 940 1864 Ligurians—as
956 1835 976 1855 a
991 1823 1110 1865 pledge
1126 1824 1164 1856 of
1173 1824 1262 1857 their
1275 1823 1384 1857 dete'r-

115 1866 276 1898 mination
295 1874 327 1896 to
344 1873 483 1897 connect
501 1865 707 1896 themselves
725 1852 805 1896 ‘x'vnh
824 1864 1003 1896 Hannibal.

153 1908 165 1925 ⁸
178 1907 230 1937 As
248 1914 281 1937 to
298 1906 352 1936 the
370 1913 499 1945 present
519 1906 600 1936 with
617 1908 705 1942 dum,
726 1905 838 1937 whilst
860 1905 916 1936 the
940 1905 1030 1937 main
1044 1905 1150 1937 verb
1142 1916 1171 1937 ls
1187 1905 1221 1937 in
1236 1905 1294 1938 the
1309 1916 1383 1946 per-

115 1945 193 1981 fect,
213 1957 269 1978 see
290 1946 400 1977 Gram.
419 1947 436 1980 §N
454 1949 525 1982 33-2,
546 1953 634 1977 note.

155 1987 370 2026 *Emporiae‚
390 1997 466 2017 now
485 1987 673 2025 Empurias
691 1997 731 2017 an
754 1986 885 2017 ancient
904 1986 1020 2017 Greek
1041 1986 1163 2026 colony
1178 1992 1211 2018 at
1234 1986 1292 2019 the
1314 1986 1385 2020 foot

115 2026 153 2058 of
170 2027 226 2058 the
243 2034 375 2058 eastern
393 2026 575 2065 Pyrenees
596 2027 627 2057 in
645 2027 701 2057 the
718 2027 848 2058 district
865 2026 903 2058 of
920 2026 976 2058 the
994 2026 1067 2058 Indi
1071 2033 1178 2067 g.etes

154 2069 167 2087 ⁵
187 2067 302 2099 Voluit
318 2069 360 2098 ad
372 2069 520 2108 populos
542 2067 603 2098 ‘he
621 2067 685 2098 had
701 2078 814 2106 power
831 2078 952 2107 among
968 2067 1025 2098 the
1039 2038 1152 2099 trigbes'
1158 2069 1310 2109 :apud
1343 2067 1386 2101 In

114 2109 358 2140 mediterraneis
371 2119 408 2139 ac
422 2109 598 2143 montanis,
613 2107 696 2138 from
711 2108 767 2139 the
784 2115 902 2139 neuter
913 2109 1149 2140 mediterranea
1163 2120 1201 2141 ac
1214 2115 1382 2147 montana,

118 2149 249 2180 'inland
267 2148 330 2180 and
347 2147 581 2179 mountainous
599 2147 769 2179 districts!

153 2191 166 2208 ⁵
179 2189 319 2220 Auxilia
335 2196 417 2220 are·
431 2187 594 2226 auxiliary
611 2195 745 2227 troops;
738 2190 759 2206 ·⁷
785 2187 861 2224 and,
876 2188 1053 2228 according
1069 2195 1103 2220 to
1117 2188 1251 2221 Roman
1267 2189 1381 2228 idiom,

114 2229 181 2260 this
198 2236 283 2261 term
299 2231 327 2261 is
344 2228 426 2260 used
442 2227 480 2259 of
498 2229 680 2259 barbarous
701 2212 816 2267 tribes,
837 2236 870 2261 to
887 2228 1090 2269 distinguish
1105 2229 1200 2262 them
1217 2229 1304 2262 from
1325 2230 1383 2262 the

112 2271 242 2341 soeges
270 2310 380 2342 Gram.
404 2309 422 2343 ὑ
449 2310 521 2345 244,
547 2310 577 2340 3.
623 2308 700 2340 The
722 2309 872 2349 singular
899 2311 1029 2351 capitur
1057 2310 1086 2342 is
1115 2310 1187 2343 also
1215 2316 1274 2343 not
1302 2309 1383 2350 only

113 2349 214 2382 allow
216 2350 303 2388 able,
322 2351 382 2384 but
398 2349 564 2389 frequent.

1528 1884 1539 2046 *mn-dn!
