1539 2508
130 104 207 142 332
682 118 718 145 τ.
744 118 858 147 mvn.

127 190 264 237 proelio
291 192 411 227 navali
440 198 647 240 acceptam,
667 205 740 241 qua
769 194 874 230 fracti
903 194 1028 231 Sicilia
1055 205 1101 231 ac
1128 195 1296 234 Sardinia
1323 206 1404 233 ees·

126 250 219 286 sere,
240 240 325 276 inde
344 241 547 286 vectigales
565 252 609 276 ac
628 241 886 295 stipendiarios
912 243 992 279 fieri
1019 254 1060 279 se
1081 243 1182 291 passi
1200 243 1313 280 sumt
1337 250 1403 281 aut

127 297 288 332 pugnam
318 287 513 324 adversam
544 289 577 324 in
610 289 746 337 Africa,
776 291 835 326 cui
862 297 989 338 postea
1023 290 1084 328 hic
1113 292 1191 339 ipse
1217 291 1401 329 Hannibal

126 335 354 371 succubuit?
416 337 527 371 Nulla
555 348 600 372 ex
631 345 734 384 parte
762 339 1036 386 comparandae
1063 346 1158 388 sunt,
1184 339 1257 376 nisi
1289 339 1400 387 qnod¹

124 381 266 418 minore
285 384 408 418 animo
429 384 524 418 latae
544 392 640 420 sunt.

173 434 231 465 55.
262 432 299 466 Ρ.
321 431 453 466 Furius
473 432 599 467 Philus
617 440 650 467 et
672 433 741 469 Μ’.
764 434 989 481 Pomponius
1014 440 1203 489 praetores
1226 440 1400 472 senatum

125 477 159 512 in
179 479 318 514 curiam
339 479 531 514 Hostiliam
550 488 783 527 vocaverunt,
805 488 841 517 ut
870 481 918 517 de
948 483 1049 518 urbis
1076 482 1246 519 custodia
1270 494 1399 520 consu-

125 525 265 562 lerent:
303 539 423 573 neque
454 528 552 563 enim
585 528 805 565 dubitabant
835 529 970 565 deletis
998 530 1225 567 exercitibus
1253 530 1399 567 hostem

123 574 170 609 ad
201 575 489 622 oppugnandam
520 577 686 623 Romam,
717 577 812 624 quod
845 589 958 614 unum
988 590 1081 626 opus
1114 578 1204 614 belli
1233 584 1398 626 restaret,

123 624 348 658 venturum.²
398 624 491 659 Cum
522 625 556 660 in
586 625 707 671 malis,
737 626 832 661 sicut
862 627 1081 673 ingentibus,
1113 626 1164 662 ita
1193 627 1325 673 ignotis
1352 638 1399 663 ne

122 670 318 706 consilium
348 671 499 717 quidem
531 673 619 707 satis
646 673 895 720 expedirent,³
923 674 1224 722 obstreperetque
1257 674 1400 711 clamor

122 717 406 754 lamentantium
436 719 645 767 mulierum,
664 728 701 756 et
729 721 891 758 nondum
919 723 1042 769 palam
1071 722 1182 758 sacto⁴
1200 723 1274 758 vivi
1305 734 1398 759 rnor-

123 766 248 812 tuique
284 778 348 813 per
375 779 504 803 omnes
538 780 633 815 pene
658 768 788 805 domos
821 770 1034 817 promiscue
1069 770 1394 818 complorarentur‚

122 820 198 849 tum
218 814 262 853 Q.
284 815 417 850 Fabius
443 816 636 852 Maximus
663 818 806 853 censuit
832 819 979 865 equites
1004 818 1196 866 expeditos
1221 824 1259 854 et
1277 819 1399 866 Appia

122 868 159 897 et
189 862 318 897 Latina
346 863 407 898 via
437 864 647 910 mittendos,
678 867 740 912 qui
771 866 900 901 obvios
934 867 1210 913 percunctando
1235 867 1398 915 (aliquos

121 910 286 957 profecto
317 922 363 946 ex
390 911 478 957 suga
505 913 642 958 passim
671 913 865 960 dissipatos
894 914 987 962 sore)
1015 915 1186 961 referant,
1205 926 1303 961 quae
1328 914 1397 950 sor-

122 964 209 993 tuna
239 959 433 994 consulum
460 966 573 1006 atque
602 962 832 997 exercituum
851 962 922 1008 sit;
949 969 986 998 et
1004 963 1034 998 si
1060 962 1151 1010 quid
1169 962 1219 998 dii
1247 963 1396 999 immor-

122 1006 225 1052 tales,
256 1007 412 1042 miseriti
442 1008 596 1055 imperii,
628 1008 809 1056 reliquum
839 1010 993 1046 Romani
1024 1011 1198 1046 nominis⁶
1226 1009 1395 1057 fecerint,

121 1054 184 1089 ubi
210 1065 277 1090 eae
303 1055 432 1102 copiae
459 1056 554 1102 sint;
584 1068 657 1103 quo
683 1069 722 1092 se
749 1057 931 1093 Hannibal
959 1065 1040 1106 post
1066 1059 1245 1106 proelium
1271 1065 1398 1095 contu-

121 1101 222 1146 lerit3
257 1103 343 1149 quid
378 1110 491 1150 paret,
526 1105 615 1151 quid
650 1112 734 1150 agat
768 1112 991 1153 acturusque
1026 1107 1084 1142 sit.
1138 1106 1240 1142 Haec
1273 1107 1398 1155 explo-

121 1150 234 1185 randa
267 1151 528 1198 noscendaque
562 1164 627 1199 per
661 1153 836 1200 impigros
866 1153 1023 1201 juvenes
1055 1165 1151 1190 esse.
1203 1154 1299 1190 Illud
1331 1166 1399 1203 per

122 1197 248 1233 Patres
283 1199 379 1245 ipsos
412 1199 611 1246 agendum,
639 1202 814 1247 quoniam
849 1203 1128 1249 magistratuum
1162 1213 1292 1250 parum
1325 1202 1399 1250 eit‚⁸

121 1252 158 1280 ut
193 1247 394 1282 tumultum
428 1259 473 1283 ac
509 1248 793 1294 trepidationem
832 1250 866 1285 in
909 1250 1000 1286 urbe
1042 1250 1182 1297 tollant,
1209 1256 1399 1287 matronas

119 1293 269 1340 publico
302 1302 451 1330 arceant
485 1297 739 1342 continerique
783 1298 877 1333 intra
918 1310 1027 1334 suum
1061 1309 1249 1346 quamque
1282 1299 1398 1335 limen

119 1348 272 1387 cogantg
314 1342 562 1389 comploratus
595 1343 822 1381 familiarum
856 1353 1072 1392 coerceant;
1106 1346 1298 1383 silentium
1330 1358 1398 1394 per

120 1389 247 1425 urbem
278 1389 438 1436 saciant;
472 1392 624 1427 nuncios
651 1403 773 1428 rerum
799 1394 965 1429 omnium
990 1393 1038 1429 ad
1064 1400 1254 1441 praetores
1279 1394 1396 1430 dedu-

118 1437 257 1472 cendos
283 1444 433 1484 curent3
468 1450 557 1474 suae
583 1441 740 1486 quisque
770 1440 936 1476 fortunae
961 1441 1063 1477 domi
1096 1444 1302 1478 auctorem⁷
1334 1454 1397 1479 ex-

118 1491 286 1532 pectent5
316 1486 559 1534 custodesque
587 1495 777 1534 praeterea
801 1488 846 1524 ad
875 1495 998 1536 portas
1021 1496 1168 1537 ponant,
1186 1490 1252 1538 qui
1277 1490 1396 1538 prohi-

117 1531 229 1568 beant
255 1544 484 1580 quemquam
510 1536 636 1580 egredi
662 1536 805 1582 urbem,
825 1543 1032 1584 cogantque
1058 1537 1229 1574 homines
1254 1538 1397 1575 nullam

117 1580 189 1615 nisi
223 1581 315 1616 urbe
349 1593 393 1617 ac
427 1583 623 1618 moenibus
651 1584 762 1619 salvis
789 1585 947 1621 salutern
973 1597 1133 1633 sperare.
1183 1586 1258 1622 Ubi
1283 1587 1397 1622 conti·

117 1694 221 1730 trutli,
242 1695 282 1726 be
306 1694 413 1727 called
431 1695 511 1736 only
534 1698 581 1728 sti
603 1698 759 1735 endiarii,
778 1697 903 1739 having
926 1698 977 1731 for
999 1709 1101 1740 many
1116 1709 1215 1740 years
1237 1706 1274 1732 to
1295 1710 1361 1741 pay
1375 1710 1397 1732 a

119 1745 188 1767 war
203 1736 430 1768 contribution
449 1744 483 1768 to
501 1736 557 1769 the
610 1748 739 1770 omans.

158 1791 167 1808 ¹
183 1789 271 1829 That
291 1790 330 1826 is,
349 1795 356 1807 ‘
369 1790 434 1823 and
451 1791 479 1822 if
491 1802 556 1831 you
570 1791 611 1823 do
625 1803 780 1832 compare
792 1793 898 1830 them,
911 1793 968 1826 the
984 1794 1090 1827 result
1100 1794 1171 1827 will
1185 1795 1241 1834 be,
1253 1801 1311 1828 not
1321 1805 1393 1829 cer·

118 1829 223 1870 tainly
241 1830 315 1862 that
335 1830 414 1871 they
432 1842 521 1864 were
539 1843 630 1865 more
648 1844 765 1866 severe
782 1833 926 1872 defeats,
943 1836 1002 1867 but
1021 1836 1120 1873 that‚'
1141 1835 1209 1868 διο.

157 1886 170 1903 ²
184 1885 236 1916 As
254 1891 287 1916 to
303 1887 414 1917 dubito
430 1886 588 1919 followed
610 1889 656 1928 by
670 1888 727 1920 the
750 1889 943 1921 accusative
959 1889 1042 1922 with
1067 1889 1125 1922 the
1141 1889 1319 1928 infinitive,
1336 1901 1395 1923 see

121 1924 233 1957 Gram.
252 1925 269 1960 ᾖ
287 1929 359 1963 352,
379 1935 457 1958 note
473 1930 505 1964 4,
524 1930 583 1960 sub
597 1930 663 1969 fin.

156 1979 168 1996 ³
185 1981 192 1994 ⁴
207 1978 259 2009 As
282 1977 364 2017 they
380 1978 480 2010 could
502 1990 597 2012 come
615 1987 649 2012 to
672 1991 715 2012 no
731 1981 938 2021 sufficiently
954 1988 1085 2023 prompt
1108 1982 1392 2016 determination.’

118 2016 204 2050 This
221 2018 249 2050 is
266 2018 322 2050 the
340 2018 415 2051 idea
430 2021 608 2052 contained
625 2022 658 2053 in
675 2022 732 2053 the
749 2023 830 2054 verb
847 2024 1006 2064 expedire.

157 2070 168 2087 ⁴
186 2069 265 2114 “No
283 2069 497 2115 information
517 2071 641 2113 having
658 2074 743 2105 been
760 2074 860 2114 given
874 2085 910 2106 as
921 2081 978 2115 yet
992 2074 1015 2113 ς’
1027 2074 1176 2116 namely,
1192 2074 1272 2108 who
1286 2074 1326 2108 of
1335 2074 1394 2108 the

117 2108 259 2141 soldiers
276 2110 340 2142 had
357 2111 525 2150 perished.
571 2112 635 2144 See
654 2114 791 2154 Zumpt,
813 2115 831 2148 ὗ
849 2117 922 2147 648.

157 2163 367 2196 “Romannm
393 2168 634 2199 nomen=cives
659 2168 813 2203 Romani.
842 2173 941 2202 ‘men
964 2169 1042 2202 who
1069 2170 1151 2203 bear
1173 2170 1232 2203 the
1260 2170 1396 2203 Roman

117 2205 240 2241 name,‘
261 2215 304 2236 on
320 2205 377 2237 the
394 2206 538 2248 analogy
554 2207 592 2239 of
609 2220 724 2240 nomen
740 2209 911 2242 Latinum.

157 2257 169 2274 ⁶
186 2259 193 2272 ‘
207 2256 306 2288 Since
330 2264 385 2289 too
407 2258 473 2289 few
495 2259 533 2290 of
550 2259 608 2291 the
631 2261 846 2299 magistrates
868 2271 924 2294 are
946 2267 980 2295 at
1002 2261 1115 2295 hand.’
1158 2262 1289 2296 Parum
1309 2262 1395 2296 with

119 2294 176 2327 the
193 2296 352 2335 genitive.
398 2298 462 2330 See
482 2299 593 2332 Gram.
611 2300 630 2334 ὑ
646 2303 721 2338 275,
739 2303 766 2333 b.

159 2346 171 2364 '¹
186 2349 194 2363 ‘
207 2346 420 2390 Messenger,
439 2351 710 2392 news-bringerff
