1507 2476
690 83 814 108 mnan
834 83 859 107 1.
1346 69 1397 107 59

154 159 330 194 ceterum¹
368 157 527 203 equitatu
570 162 676 191 aucto
717 167 832 202 nuper
862 155 1057 202 plurimum
1098 154 1259 189 Romana
1299 153 1398 187 acies

154 206 279 240 valuit.
329 205 387 240 Ab
412 203 596 249 equitibus
629 210 776 248 repente
803 201 959 237 invectis
990 201 1120 236 turbati
1146 201 1291 234 ordines
1315 206 1397 234 sunt

154 252 387 296 Sabinorum3
412 262 482 284 nec
509 262 627 296 pugna
651 250 784 284 deinde
810 249 881 284 illis
906 255 1081 294 constare,
1100 259 1168 282 nec
1185 247 1270 292 fuga
1287 247 1397 292 expli-

154 301 224 332 cari
243 299 320 332 sine
339 309 470 342 magna
488 298 601 330 caede
620 297 744 342 potuit.

202 349 258 379 31.
292 344 454 379 Devictis
494 343 646 387 Sabinis,
682 354 767 376 cum
800 342 835 376 in
868 353 1000 386 magna
1031 341 1144 386 gloria
1182 339 1398 386 magnisque

153 391 282 437 opibus
314 402 466 435 regnum
499 390 594 424 Tulli
620 401 662 423 ac
688 396 762 423 tota
789 400 844 423 res
867 389 1030 423 Romana
1062 393 1168 432 esset,
1195 387 1397 422 nuntiatum

153 439 228 483 regi
263 438 499 482 Patribusque
532 442 587 470 est
621 437 655 470 in
691 443 811 470 monte
839 436 979 470 Albano
1008 434 1186 480 lapidibus
1212 434 1400 479 pluvisse.⁵¹

153 484 258 523 Quod
284 496 369 518 cum
397 483 494 518 credi
524 484 586 517 vix
611 490 742 528 posset,
770 483 890 517 missis
918 482 963 516 ad
992 482 1027 516 id
1056 481 1248 515 visendum
1282 481 1398 526 prodi-

153 532 267 576 gium,
285 531 320 565 in
347 536 552 576 conspectu,
572 529 669 564 haud
694 529 798 563 aliter
815 541 924 574 quam
951 540 1034 562 cum
1059 527 1274 572 grandinem
1301 528 1400 562 venti

153 578 390 622 glomeratam
425 578 458 611 in
493 585 603 611 terras
630 583 751 621 agunt,
775 577 891 610 crebri
919 575 1088 610 cecidere
1116 573 1216 608 coelo
1245 573 1398 619 lapides.

155 625 231 659 Visi
265 625 374 659 etiam
408 623 548 658 audire³
573 634 701 657 vocem
734 623 921 667 ingentem
955 634 1000 656 ex
1033 621 1166 655 summi
1199 621 1400 655 cacuminis

154 671 245 715 luco,
274 678 312 705 ut
340 671 453 715 patrio
483 671 550 704 ritu
578 681 680 704 sacra
712 670 844 704 Albani
877 669 1047 712 facerent,
1075 679 1169 713 quae
1196 667 1296 701 velut
1329 667 1400 702 diis

155 728 298 763 quoque
324 717 432 752 simul
458 729 539 751 eum
566 717 680 762 patria
706 717 840 750 relictis
865 716 1036 750 oblivioni
1061 714 1247 759 dederant,
1274 720 1310 747 et
1338 720 1400 748 aut

154 763 319 798 Romana
359 775 460 798 sacra
501 769 743 809 susceperant,
787 769 848 796 aut
889 763 1061 805 fortunae,
1104 767 1142 794 ut
1184 762 1232 803 fit,
1268 761 1399 796 obirati

155 811 291 845 cultum
314 811 533 856 reliquerant
558 810 680 844 deum.
730 809 902 844 Romanis
927 819 1069 853 quoque
1095 808 1142 841 ab
1168 807 1295 841 eodem
1322 818 1399 852 pro-

154 857 251 902 digio
283 857 497 891 novendiale
531 868 672 891 sacrum
701 856 845 902 publice
873 861 1083 901 susceptum
1111 856 1192 898 est,⁴
1218 865 1282 887 seu
1309 865 1400 888 voce

155 903 304 938 coelesti
331 915 377 938 ex
404 904 545 938 Albano
572 909 694 937 monte
721 903 834 936 missa
864 903 964 948 (nam
994 901 1031 936 id
1059 912 1200 946 quoque
1233 900 1399 946 traditur)

155 961 219 985 seu
249 950 478 996 haruspicum
506 951 654 984 monitu.
705 949 841 984 Mansit
875 956 973 983 certe
1006 948 1180 982 sollemne
1214 954 1263 991 ut,
1290 958 1400 992 quan-

155 996 288 1043 doque⁶
313 997 414 1031 idem
437 996 641 1042 prodigium
665 996 901 1041 nuntiaretur,
928 995 1041 1029 feriae
1067 1006 1130 1040 per
1156 1005 1288 1028 novem
1320 993 1401 1028 dies

156 1050 359 1088 agerentur.

204 1090 307 1123 Haud
341 1091 389 1123 ita
421 1089 533 1123 multo
566 1094 644 1133 post
676 1088 888 1133 pestilentia
920 1087 1121 1121 laboratum
1162 1092 1228 1120 est.
1294 1086 1400 1121 Unde

157 1146 241 1169 cum
282 1136 425 1181 pigritia
464 1135 643 1168 militandi
683 1134 866 1178 oreretur,⁶
907 1134 1004 1167 nulla
1044 1139 1169 1167 tamen
1203 1133 1250 1167 ab
1290 1134 1401 1168 armis

158 1182 262 1226 quies
293 1182 445 1216 dabatur
477 1192 498 1214 a
530 1180 702 1214 bellicoso
737 1191 830 1225 rege,
856 1180 1064 1214 salubriora⁷
1092 1181 1198 1214 etiam
1228 1180 1401 1214 credente

157 1228 308 1262 militiae
325 1239 433 1273 quam
453 1226 550 1261 domi
566 1226 736 1272 juvenum
756 1237 902 1272 corpora
920 1238 1010 1271 esse,
1030 1226 1145 1260 donec
1163 1227 1239 1271 ipse
1257 1237 1400 1272 quoque

158 1274 348 1320 longinquo
381 1273 504 1308 morbo
538 1280 591 1307 est
626 1273 836 1318 implicitus.
897 1273 1000 1307 Tunc
1033 1273 1124 1306 adeo
1158 1273 1260 1306 fracti
1293 1273 1400 1307 simul

158 1332 242 1355 cum
261 1332 405 1366 corpore
424 1326 504 1354 sunt
528 1320 672 1365 spiritus
690 1319 739 1353 illi
759 1320 907 1363 feroces,
929 1326 966 1353 ut
991 1320 1052 1364 qui
1078 1319 1167 1353 nihil
1193 1326 1278 1353 ante
1303 1327 1401 1354 ratus

158 1373 256 1402 esset
287 1368 407 1401 minus
440 1368 577 1410 regium
604 1378 714 1411 quam
743 1367 854 1400 sacris
884 1367 1018 1400 dedere
1049 1367 1222 1409 animum,
1251 1372 1400 1411 repente

157 1414 327 1448 omnibus
359 1413 501 1457 magnis
532 1414 722 1458 parvisque
751 1413 1063 1458 superstitionibus
1090 1412 1264 1447 obnoxius
1292 1413 1400 1457 dege-

158 1461 238 1505 ret,⁸
266 1460 567 1505 religionibusque
600 1460 710 1493 etiarn
744 1459 917 1504 populum
950 1459 1129 1504 impleret.
1180 1459 1294 1503 Vulgo
1325 1459 1401 1504 jam

199 1549 266 1579 1Ει
289 1550 600 1588 quidem—ceterum,
626 1547 760 1578 another
782 1547 864 1578 form
887 1547 924 1578 of
941 1547 1131 1586 expression
1154 1547 1202 1577 for
1223 1553 1400 1578 cum—tum

161 1590 340 1629 praecipue,
363 1592 423 1618 ‘on
439 1588 494 1618 the
510 1598 570 1618 one
594 1587 679 1618 hand
702 1587 919 1618 indeed—but
943 1587 1143 1625 especially.⁷
1193 1586 1338 1617 Ceterum
1353 1586 1402 1617 for

158 1631 214 1659 sed
229 1629 256 1658 is
271 1627 456 1666 frequently
473 1627 553 1658 used
570 1627 601 1657 in
619 1637 711 1665 prose
728 1625 809 1657 after
827 1626 974 1657 Cicero’s
992 1627 1080 1656 time.

197 1669 209 1686 ²
225 1667 272 1697 Or
282 1669 418 1707 pluisse,
437 1667 487 1697 sor
501 1666 605 1697 either
620 1666 701 1697 form
718 1677 794 1704 may
805 1668 844 1696 be
860 1665 940 1696 used
954 1677 961 1702 ;
986 1667 1044 1696 but
1061 1666 1092 1696 in
1109 1665 1174 1696 this
1190 1675 1327 1704 passage
1345 1665 1400 1696 the

158 1707 375 1746 authenticity
391 1706 428 1737 of
441 1707 587 1747 pluvisse
599 1706 625 1736 is
642 1706 781 1736 attested
800 1707 843 1743 by
860 1706 914 1735 the
932 1706 1059 1736 ancient
1076 1705 1292 1744 grammarian
1312 1705 1399 1735 Pris-

159 1747 242 1777 cian'.
287 1746 352 1777 We
375 1757 450 1785 may
467 1756 537 1784 say,
556 1753 622 1780 too,
641 1746 746 1776 either
761 1747 881 1785 lapides
895 1755 930 1775 or
946 1747 1103 1785 lapidibus
1118 1747 1200 1785 pluit
1215 1756 1229 1781 ,·
1255 1745 1398 1784 namely,

158 1788 248 1822 deus,
266 1788 392 1821 coelum,
412 1796 458 1821 or,
477 1786 510 1816 in
526 1785 676 1824 English,
696 1785 751 1815 the
769 1784 937 1815 indefinite
958 1789 965 1801 ⁶
978 1786 1024 1815 it.'

199 1827 211 1843 ³
226 1829 233 1842 ⁸
246 1826 343 1864 They
359 1825 498 1864 thought
516 1825 585 1855 also
601 1825 671 1855 that
688 1825 766 1862 they
784 1824 907 1855 heard.’
955 1824 1016 1855 See
1034 1824 1052 1854 i.
1070 1826 1121 1859 23,
1140 1831 1227 1855 note.

198 1866 210 1883 ⁴
226 1869 233 1881 ¹
245 1865 285 1895 In
300 1875 526 1903 consequence
543 1864 580 1895 of
597 1864 662 1895 this
678 1864 826 1903 prodigy,
845 1874 862 1894 a
883 1864 1068 1902 nine-days'
1088 1863 1233 1897 sacrifice
1250 1874 1318 1894 was
1340 1873 1398 1893 un-

159 1904 340 1935 dertaken.’
386 1905 470 1935 This
487 1904 514 1934 is
529 1905 666 1934 another
681 1905 826 1934 instance
843 1904 880 1934 of
891 1904 978 1934 what
996 1914 1045 1934 we
1063 1904 1144 1934 have
1161 1903 1285 1934 several
1305 1903 1400 1933 times

160 1944 346 1974 mentioned
363 1944 484 1977 before,
503 1943 573 1973 that
590 1944 645 1973 the
662 1944 820 1973 annalists
837 1953 889 1973 are
906 1943 983 1974 fond
999 1943 1036 1973 of
1053 1943 1209 1982 referring
1225 1943 1279 1973 the
1296 1943 1401 1981 origin

159 1983 196 2013 of
213 1993 276 2021 any
292 1983 345 2013 old
361 1991 488 2013 custom
505 1989 538 2012 to
554 1993 645 2013 some
661 1983 836 2020 particular
851 1993 969 2020 person
991 1983 1054 2013 and
1077 1983 1240 2018 occasion,
1260 1981 1339 2012 both
1361 1980 1398 2011 of

160 2022 251 2052 them
267 2022 424 2060 probably
441 2022 630 2060 imaginary.

199 2064 211 2080 ⁵
224 2061 289 2092 For
304 2063 554 2100 quandocunque
567 2072 580 2096 ;
606 2071 661 2091 see
677 2061 697 2091 i.
715 2064 764 2097 24,
783 2069 869 2092 note.

199 2101 212 2118 ⁶
227 2101 274 2131 Or
288 2103 438 2135 oriretur,
457 2100 505 2131 for
522 2100 599 2130 both
615 2100 716 2130 forms
732 2111 784 2131 are
802 2101 893 2132 used.
938 2101 1001 2132 See
1021 2101 1142 2135 Gram.,
1162 2100 1179 2133 ᾗ
1199 2101 1266 2134 169,
1285 2106 1372 2129 note.

199 2141 212 2159 '¹
228 2140 341 2171 ‘More
358 2140 517 2178 healthy,’
537 2139 723 2177 equivalent
746 2147 780 2170 to
802 2142 958 2177 κηπίον-ιη
983 2141 1032 2171 for
1047 2142 1182 2173 saluber,
1203 2138 1333 2169 besides
1355 2138 1398 2168 its

161 2180 314 2219 meaning
328 2179 365 2210 of
385 2179 572 2216 ‘salutary,'
592 2179 650 2209 has
666 2180 856 2210 sometimes
873 2180 942 2210 also
957 2180 1027 2210 that
1043 2179 1080 2210 of
1100 2183 1107 2195 ‘
1119 2178 1276 2216 healthy.'

200 2218 217 2288 ⁸1
226 2218 423 2288 Eguivalent
439 2226 473 2250 to
488 2225 593 2258 ageret
605 2220 713 2249 vitam.
755 2218 878 2260 Degere
892 2220 920 2250 is
935 2219 1028 2255 used,
1044 2217 1212 2258 generally
1224 2216 1396 2256 speaking,

161 2267 206 2289 on
219 2268 239 2297 y
277 2268 299 2297 y
313 2265 417 2297 poete.
