1539 2508
129 101 211 138 306
673 114 709 139 Τ.
740 113 853 139 Livii.

175 189 232 222 31.
268 187 366 222 Dum
396 187 488 222 haec
514 194 689 233 geruntur
716 188 753 223 in
780 187 894 232 ltalia,
923 188 988 224 Cn.
1015 187 1191 224 Servilius
1216 188 1398 226 Geminus

125 235 265 270 consul¹
301 247 386 270 curn
421 236 539 270 classe
582 243 731 271 centum
765 236 892 281 viginti
935 236 1082 272 navium
1125 237 1398 273 circumvectus

125 282 312 318 Sardiniae
339 291 374 318 et
403 284 572 318 Corsicae
599 295 710 330 oram,
731 293 767 318 et
795 283 984 319 obsidibus
1012 284 1195 331 utrimque
1220 285 1394 333 acceptis,

125 331 159 365 in
187 330 351 366 Africam
381 332 598 376 transniisit3
625 339 659 366 ct
688 332 900 378 priusquam
929 332 965 367 in
990 333 1242 368 continentem
1267 344 1395 368 escen-

124 379 246 412 siones
281 380 427 424 faceret,
457 380 634 424 Meninge
670 379 788 414 insula
819 386 970 425 vastata,
999 389 1035 415 et
1068 380 1116 416 ab
1151 379 1396 416 incolentibus

123 426 340 471 Cerci11am‚·-‘
366 439 411 460 ne
439 434 474 461 et
502 427 660 473 ipsorum
694 434 856 462 ureretur
882 427 1171 474 diripereturque
1204 439 1302 474 ager,
1331 429 1394 463 de-

122 484 202 507 cern
224 474 370 508 talentis
387 481 527 519 argenti
545 475 717 521 acceptis,
730 476 776 509 ad
796 475 901 510 litora
914 475 1063 511 Africae
1081 475 1237 511 accessit
1255 475 1394 522 copias·

121 533 193 566 que
229 524 406 567 exposuit.
459 522 547 556 lude
582 522 627 557 ad
664 523 912 569 populandum
947 535 1076 569 agrum
1111 523 1210 558 ducti
1244 523 1392 568 milites,

121 568 345 614 navalesque
373 570 461 604 socii
487 570 589 616 juxta
607 570 713 605 effusi
732 582 776 605 ac
795 571 839 605 si³
855 570 984 606 insulis
1001 571 1182 606 cultorum
1200 570 1395 617 egentibus

122 616 392 661 praedarentur.
447 618 575 664 Itaque
610 619 646 653 in
682 618 833 653 insidias
860 625 1001 654 temere
1029 618 1130 665 illati,
1159 630 1246 654 eum
1271 630 1295 654 a
1321 619 1391 654 fre-

121 664 321 709 quentibus
353 664 519 710 palantes
545 672 579 700 et
608 667 723 710 isgnari
750 666 798 702 ab
826 667 985 702 locorum
1005 667 1128 712 gnaris
1145 666 1392 702 circumveni-

122 718 252 758 rentur,
273 724 359 747 cum
387 713 501 747 multa.
528 713 644 748 caede
671 726 713 748 ac
741 714 849 749 foeda
877 715 964 760 suga
983 721 1076 749 retro
1094 713 1140 749 ad
1159 725 1276 749 naves
1292 725 1391 749 com·

121 759 213 805 pulsi
243 767 337 805 sunt.
391 760 463 795 Ad⁴
483 761 584 795 mille
612 762 812 806 hominum,
833 773 919 796 cum
947 762 1005 797 his
1031 762 1243 808 Sempronio
1261 761 1391 797 Blaeso

121 815 313 852 quaestore
340 808 487 852 amisso,
515 808 646 842 classis
670 820 692 842 a
719 808 884 843 litoribus
911 808 1069 844 hostiurn
1106 809 1224 856 plenis
1251 809 1390 856 trepide

121 853 237 888 soluta
272 855 308 889 in
343 855 505 889 Siciliam
540 867 688 890 cursum
724 857 850 899 tenuit,
888 855 1109 902 traditaque⁵
1143 856 1311 903 Lilybaei
1345 857 1387 892 T.

120 901 274 936 Otacilio
293 903 459 948 praetori,
482 909 518 936 ut
538 903 584 938 ab
602 903 722 948 legato
742 902 822 949 ejus
842 903 879 938 P.
900 903 989 937 Sura
1014 904 1170 938 Romam
1197 903 1389 938 reducere-

122 957 187 991 tur,
224 950 303 995 ipse
339 962 402 996 per
437 950 597 985 Siciliam
634 950 793 996 pedibus
826 950 1013 996 profectus
1047 950 1139 985 freto
1173 950 1211 986 in
1241 950 1389 986 Italiam

120 996 275 1044 trajecit,
305 998 436 1033 litteris
455 997 504 1036 Q.
533 998 638 1033 Fabii
663 999 804 1033 accitus
830 1004 866 1032 et
894 999 971 1044 ipse
999 1004 1035 1033 et
1061 997 1204 1043 collega
1230 997 1313 1044 ejus
1330 998 1385 1034 M.

119 1045 264 1091 Atilius,
292 1051 330 1079 ut
357 1046 541 1093 exercitus
573 1046 620 1081 ab
645 1058 684 1081 se
711 1052 840 1081 exacto
863 1045 941 1092 jam
975 1056 1087 1092 prope
1121 1045 1293 1081 semestri
1321 1046 1388 1081 im·

118 1092 234 1138 perio⁶
251 1093 470 1139 acciperent.

166 1140 341 1176 Omnium
360 1153 470 1187 prope
489 1141 641 1176 annales
659 1140 816 1176 Fabium
844 1140 1060 1175 dictatorem
1088 1139 1265 1176 adversus
1289 1140 1387 1177 Han·

119 1187 279 1223 nibalem
307 1200 383 1223 rem
410 1189 568 1234 gessisse
597 1188 763 1235 tradunt;
792 1189 949 1225 Coelius⁷
974 1189 1085 1223 etiam
1113 1199 1199 1224 eum
1225 1188 1387 1234 primum

118 1247 140 1269 a
174 1236 307 1282 populo
341 1243 507 1271 creatum
534 1237 752 1272 dictatorem
788 1236 927 1272 scribit.
979 1236 1050 1272 Sed
1085 1242 1122 1271 et
1155 1235 1323 1271 Coelium
1349 1243 1386 1272 et

118 1290 259 1318 ceteros
277 1284 369 1329 fugit
388 1285 448 1319 uni
469 1284 606 1319 consuli
627 1285 690 1320 Cn.
712 1285 872 1330 Servilio,
892 1284 953 1330 qui
971 1289 1050 1319 tum
1067 1283 1193 1332 procul
1212 1284 1248 1319 in
1265 1283 1387 1319 Gallia

119 1332 307 1376 provincia
332 1331 471 1377 aberat,
491 1331 549 1378 jus
568 1333 683 1367 suisse
701 1333 849 1368 dicendi
868 1332 1075 1378 dictatoris3
1102 1343 1215 1377 quam
1241 1342 1383 1367 moram

117 1379 203 1423 quia
229 1386 423 1425 expectare
450 1382 572 1414 territa
596 1380 673 1426 jam
700 1380 805 1415 clade
833 1380 965 1415 civitas
991 1390 1062 1414 non
1087 1385 1241 1426 poterat,
1261 1390 1304 1414 eo
1321 1379 1385 1414 de-

117 1436 266 1460 cursum
292 1439 384 1473 esse,
406 1433 444 1462 ut
470 1439 492 1461 a
518 1428 651 1474 populo
678 1434 864 1463 crearetur
889 1428 951 1474 qui
977 1438 1041 1474 pro
1067 1427 1243 1462 dictatore
1262 1433 1383 1473 esset3

118 1483 176 1508 res
202 1474 285 1509 inde
310 1482 434 1521 gestas
457 1475 686 1523 gloriamque
713 1477 895 1522 insignem
914 1475 1020 1510 ducis
1045 1481 1082 1510 et
1106 1480 1285 1521 augentes
1301 1474 1383 1510 titu-

157 1614 165 1631 ¹
181 1612 266 1644 This
290 1614 453 1645 narrative
470 1613 600 1645 follows
624 1624 667 1653 up
684 1613 740 1645 the
764 1613 977 1645 information
991 1611 1149 1652 formerly
1164 1612 1263 1652 given
1279 1622 1332 1649 us,
1351 1611 1385 1643 in

115 1653 251 1692 chapter
269 1657 316 1687 11.
336 1654 373 1685 of
391 1654 445 1685 the
470 1654 618 1686 consul's
636 1654 758 1695 having
775 1656 859 1686 been
875 1661 949 1685 sent
967 1664 1062 1693 away
1078 1660 1112 1684 to
1127 1662 1250 1692 pursue
1266 1662 1286 1684 a
1302 1651 1382 1685 Car·

116 1693 285 1733 thaginian
301 1694 378 1726 fleet
396 1695 507 1726 which
524 1706 594 1727 was
610 1695 756 1735 cruising
771 1706 813 1726 on
829 1695 885 1726 the
903 1694 1023 1726 Italian
1045 1693 1381 1733 corten—Utrimque,

115 1735 305 1774 commonly
326 1740 386 1766 ‘on
403 1736 482 1766 both
499 1736 615 1773 sides,'
635 1736 726 1773 here,
745 1735 936 1775 unusually,
956 1734 1004 1766 for
1019 1736 1056 1766 ab
1071 1740 1210 1774 utraque
1224 1735 1348 1766 insula.

155 1776 167 1793 ‘²
183 1775 322 1806 Meninx
339 1776 401 1807 and
417 1776 570 1811 Cercina,
586 1784 653 1808 two
670 1784 726 1808 not
742 1777 968 1815 unimportant
980 1775 1121 1807 islands.
1158 1774 1234 1806 The
1248 1773 1379 1812 former,

115 1815 305 1855 abounding
328 1816 360 1846 iu
385 1816 485 1853 lotus,
507 1817 571 1849 and
586 1817 690 1849 hence
714 1817 909 1848 sometimes
926 1815 1032 1847 called
1049 1815 1106 1846 the
1126 1814 1254 1846 ‘island
1269 1814 1308 1846 of
1325 1814 1382 1846 the

117 1855 357 1892 lotus-eaters‚’
379 1867 447 1888 was
471 1858 615 1889 situated
639 1868 716 1889 near
739 1858 793 1889 the
811 1856 950 1888 African
965 1862 1069 1893 coast,
1088 1862 1145 1886 not
1162 1855 1210 1886 far
1225 1854 1309 1886 from
1325 1854 1382 1886 the

115 1903 329 1935 promontory
345 1907 387 1928 on
404 1897 459 1928 the
478 1898 589 1938 Syrtis
606 1898 734 1930 Minor.
781 1897 934 1933 Cercina,
953 1895 1100 1928 situated
1116 1895 1245 1927 further
1266 1902 1324 1940 out
1348 1901 1382 1926 at

115 1946 184 1971 sea,
198 1947 268 1967 was
285 1947 304 1967 a
319 1937 411 1976 place
429 1937 466 1968 of
476 1949 569 1970 some
583 1949 813 1978 consequence
831 1949 866 1969 as
883 1948 903 1969 a
917 1936 1014 1970 naval
1026 1936 1090 1968 and
1103 1935 1234 1982 trading
1246 1942 1380 1981 station.

157 1977 168 1995 ³
181 1976 284 2008 Juxta
300 1989 336 2008 ac
351 1979 530 2018 si=aeque
543 1992 580 2011 ac
595 1981 627 2010 si
641 1990 677 2011 or
691 1981 799 2020 quasi,
822 1979 908 2018 ‘just
926 1989 962 2010 as
979 1976 1024 2009 if.’
1071 1976 1212 2013 Insulzs,
1227 1976 1284 2008 the
1300 1987 1379 2022 stm-

115 2016 168 2054 ple
185 2017 329 2048 ablative
352 2017 390 2049 of
406 2017 498 2056 place
518 2020 672 2051 ‘where’
721 2020 806 2051 This
830 2020 858 2051 is
881 2030 900 2050 a
922 2028 1078 2050 common
1099 2017 1326 2050 construction
1347 2027 1382 2048 m

118 2056 215 2097 Livy,
235 2058 419 2090 elsewhere
438 2060 471 2089 in
488 2060 610 2091 insulis
628 2060 739 2092 would
757 2061 798 2092 be
814 2070 906 2091 more
924 2058 1032 2091 usual.

157 2099 168 2115 ⁴
184 2099 238 2129 Ad
260 2099 287 2129 is
304 2098 386 2130 used
409 2098 625 2139 adverbially,
649 2102 768 2132 ‘about
792 2111 812 2132 a
834 2099 1002 2132 thousand
1023 2098 1252 2138 men,’=sere,
1267 2108 1378 2138 prope.

118 2137 246 2178 supply
262 2140 392 2171 amissis
411 2141 586 2176 (zoccisis)
604 2147 659 2172 out
677 2141 714 2172 of
731 2143 861 2178 amisso,
881 2139 992 2172 which
1015 2139 1043 2171 is
1060 2139 1176 2180 joined
1191 2147 1226 2170 to
1240 2137 1298 2169 the
1315 2137 1379 2169 last

117 2187 224 2210 name.

156 2220 169 2237 ⁵
183 2219 260 2250 Scil.
279 2231 325 2255 ea,
344 2230 386 2251 an
402 2221 545 2252 ablative
562 2221 726 2252 absolute.

117 2296 127 2328 l
157 2258 257 2290 ⁶The
285 2259 380 2291 office
408 2261 446 2292 of
470 2261 611 2293 dictator
637 2261 735 2293 could
763 2263 804 2294 be
831 2261 911 2294 held
935 2260 1015 2302 only
1040 2259 1092 2293 for
1112 2259 1167 2292 six
1186 2257 1323 2292 months
1343 2263 1380 2292 at

130 2307 258 2337 ongest.

159 2339 170 2354 ⁷
184 2339 248 2370 See
265 2340 332 2370 xxi.
349 2343 400 2377 38,
420 2351 450 2380 p.
468 2344 540 2378 232,
560 2348 637 2372 note
653 2345 682 2373 3.
