1523 2524
667 102 793 128 LIBER
822 103 928 129 xxu.
1350 96 1431 134 337

168 182 208 214 et
237 177 286 214 ad
318 176 455 214 Alliam
487 187 574 211 cum
607 176 724 211 Gallis
756 182 793 212 et
826 176 873 212 ad
908 176 1128 213 Heracleam
1161 188 1247 213 curn
1281 178 1430 228 Pyrrho,

166 231 321 272 utraque
338 236 409 260 non
427 231 503 259 tam
521 223 628 259 clade
646 224 793 259 infamis
820 235 931 270 quam
962 236 1095 270 pavore
1124 237 1168 260 ac
1197 225 1283 271 suga
1309 239 1432 273 pugna

163 271 244 307 suit.
317 272 530 307 Cannenses
571 282 722 318 campos
769 272 893 306 acervi
943 272 1187 308 Romanorum
1238 284 1428 320 corporum

163 325 312 365 tegunt3
338 330 407 354 nec
433 330 672 365 supersumus
701 330 845 365 pugnae
874 319 943 354 nisi
974 320 1010 354 in
1036 320 1170 366 quibus
1204 321 1430 357 trucidandis

162 372 200 401 et
217 366 354 402 ferrum
372 374 408 402 et
427 367 523 401 vires
540 365 683 401 hostem
702 366 930 402 defecerunt.
981 367 1069 402 Sunt
1088 368 1198 403 etiam
1225 368 1272 402 de
1298 370 1428 405 nostris

161 414 325 460 quidam,
352 415 414 460 qui
449 425 495 449 ne
530 414 567 449 in
600 414 679 448 acie
709 414 857 459 quidem
889 414 1114 460 refugerunt,
1144 415 1209 450 sed
1243 416 1426 462 praesidio

161 462 291 497 castris
307 462 435 506 relicti,
455 473 542 496 cum
567 468 686 496 castra
712 461 950 507 traderentur,
967 464 1000 496 in
1019 469 1239 508 potestatem
1265 463 1427 500 hostium

162 515 354 544 venerunt.
417 509 525 544 Haud
553 508 727 555 equidem
755 509 865 544 ullius
891 510 980 544 civis
1008 519 1044 544 et
1069 511 1329 546 commilitonis
1357 511 1426 547 for-

161 562 271 591 tunae
298 562 361 592 aut
391 556 595 592 condicioni
626 556 780 601 invideo,
800 569 869 591 nec
899 559 1099 602 premendo
1128 558 1240 593 alium
1272 570 1334 593 me
1363 570 1424 595 ex-

161 603 289 638 tulisse
315 604 467 640 velim21
497 615 545 638 ne
573 603 624 638 illi
652 604 813 650 quidem,
841 605 910 639 nisi
948 606 1174 650 pernicitatis
1211 605 1351 652 pedum
1388 614 1425 642 et

159 661 289 686 cursus
312 651 459 698 aliquod
485 651 690 698 praemium
717 658 782 697 est,
810 652 874 697 qui
901 651 1069 698 plerique
1093 654 1253 688 inermes
1278 665 1326 689 ex
1341 654 1424 690 acie

158 696 344 744 fugientes
369 711 441 734 non
467 700 567 745 prius
593 710 703 745 quam
722 699 904 733 Venusiae
923 706 985 734 aut
1004 701 1151 735 Canusii
1170 701 1422 748 constiterunt,

159 756 200 780 se
229 746 336 781 nobis
372 747 503 781 merito
542 746 807 793 praetulerint,²
840 747 1055 794 gloriatique
1091 750 1161 783 sint
1197 749 1232 783 in
1268 760 1307 783 se
1342 749 1424 795 plus

158 803 272 839 quam
292 794 329 828 in
347 794 454 829 nobis
470 793 641 840 praesidii
660 794 711 828 rei
738 794 907 839 publicae
927 806 1020 829 esse.
1072 795 1143 830 Sed
1170 795 1243 831 illis
1259 803 1299 831 ut
1317 796 1426 832 bonis

156 851 203 875 ac
227 840 396 876 sortibus³
420 841 602 877 militibus
625 842 791 887 utemini,
811 849 845 876 et
873 842 977 877 nobis
1004 844 1115 878 etiam
1142 844 1425 890 promptioribus

156 898 221 934 pro
239 889 363 935 patria,
383 889 480 935 quod
509 888 688 924 beneficio
707 896 827 923 vestro
855 889 1035 936 redempti
1064 897 1175 936 atque
1204 891 1238 925 in
1267 892 1424 937 patriam

157 936 316 971 restituti
349 936 540 972 fuerimus.
608 936 802 971 Delectum
837 948 882 971 ex
917 938 1018 972 omni
1051 945 1174 972 aetate
1208 945 1243 972 et
1279 939 1424 974 fortuna

156 982 325 1030 habetis3
363 990 444 1019 octo
477 984 582 1019 milia
615 995 803 1019 servorum
835 984 944 1019 audio
978 986 1123 1020 armari.
1190 986 1272 1021 Non
1305 987 1424 1021 minor

156 1041 334 1066 numerus
366 1037 489 1067 noster
522 1038 588 1078 est,
623 1043 692 1065 nec
725 1031 862 1078 majore
907 1033 1019 1078 pretio
1062 1033 1194 1068 redimi
1227 1044 1424 1078 possumus

156 1088 270 1124 quam
297 1078 337 1114 hi
367 1085 548 1114 emunter.
611 1079 708 1113 Nam
736 1079 766 1112 si
795 1078 982 1114 conferam
1011 1091 1076 1114 nos
1104 1092 1188 1115 cum
1221 1081 1303 1126 illis,
1333 1081 1423 1127 inju-

155 1126 249 1160 riam
278 1127 416 1161 nomini
444 1127 611 1162 Romano
646 1126 793 1160 faciam.
845 1126 939 1161 Illud
970 1127 1081 1162 etiam
1115 1128 1147 1162 in
1180 1128 1240 1162 tali
1271 1129 1423 1164 consilio

154 1172 524 1208 animadvertendum
545 1173 647 1208 vobis
664 1184 850 1219 censeam,
872 1174 997 1208 Patres
1024 1176 1227 1222 conscripti,
1250 1175 1279 1210 si
1299 1182 1423 1211 tamen

155 1219 319 1254 duriores
345 1231 428 1255 esse
460 1220 591 1265 velitis,
620 1219 718 1266 quod
746 1220 844 1254 nullo
873 1228 994 1255 nostro
1022 1223 1152 1256 merito
1183 1223 1335 1269 faciatis,
1363 1224 1422 1259 cui

155 1278 222 1302 nos
246 1266 340 1302 hasti
367 1267 528 1302 relicturi
556 1268 648 1303 sitis.
699 1267 836 1313 Pyrrho
854 1268 1038 1314 videlicet,
1059 1270 1119 1314 qui
1138 1272 1216 1304 vos¹
1235 1269 1420 1317 hospitum

155 1325 310 1350 numero
337 1314 467 1350 habuit
498 1316 675 1361 captivos,
702 1325 749 1348 an
778 1314 932 1349 barbaro
969 1327 1013 1350 ac
1042 1317 1172 1363 Poeno,
1203 1319 1266 1363 qui
1301 1324 1423 1354 utrum

154 1363 296 1396 avarior
323 1373 371 1396 an
399 1362 581 1397 crudelior
609 1363 663 1406 sit,
684 1362 744 1396 vix
774 1363 977 1396 existimari
1003 1364 1150 1408 potest?
1201 1365 1235 1400 Si
1263 1365 1424 1401 videatis

153 1415 315 1455 catenas,
351 1409 571 1456 squalorem,
607 1408 882 1444 deformitatem
924 1410 1060 1446 civium
1103 1419 1315 1458 vestrorum,
1349 1424 1422 1448 non

153 1457 278 1492 minus
306 1457 469 1503 profecto
499 1468 564 1491 vos
592 1468 636 1490 ea
668 1456 811 1501 species
838 1463 996 1502 moveat,
1029 1469 1139 1504 quam
1169 1460 1199 1494 si
1229 1471 1276 1495 ex
1303 1460 1420 1495 altera

154 1509 258 1550 parte
286 1504 446 1538 cernatis
475 1509 607 1538 stratas
637 1503 892 1538 Cannensibus
918 1505 1059 1550 campis
1088 1505 1251 1551 legiones
1268 1514 1419 1543 vestras.

154 1551 291 1586 Intueri
311 1552 463 1597 potestis
480 1550 764 1586 sollicitudinem
791 1556 827 1584 et
853 1549 1025 1586 lacrimas
1041 1552 1076 1587 in
1096 1554 1276 1589 vestibulo
1294 1556 1418 1590 curiae

154 1599 331 1634 stantium
365 1605 602 1645 cognatorum
637 1603 840 1632 nostrorum
875 1601 1228 1647 expectantiumque
1270 1613 1417 1648 respon-

153 1657 236 1681 sum
254 1652 430 1681 vestrum.
483 1646 576 1680 Cum
603 1645 626 1679 ii
653 1656 716 1690 pro
740 1645 846 1679 nobis
872 1656 1011 1691 proque
1042 1646 1096 1692 iis,
1117 1649 1179 1693 qui
1207 1648 1351 1696 absunt,
1371 1651 1422 1685 ita

153 1693 326 1740 suspensi
354 1704 399 1728 ac
428 1693 574 1728 solliciti
605 1693 685 1737 sint,
715 1703 827 1738 quem
863 1693 1026 1728 censetis
1058 1695 1222 1730 animum
1257 1697 1420 1742 ipsorum

151 1751 248 1788 esse,
277 1751 434 1787 cruorum
462 1741 498 1776 in
525 1740 737 1775 discrimine
766 1740 843 1773 vita
872 1739 1096 1787 libertasque
1124 1743 1207 1777 est‘.e
1271 1744 1343 1779 Sed
1377 1745 1418 1793 si,

152 1858 192 1931 ‹ii-f
207 1862 363 1931 280113.c.,
382 1859 467 1892 aster
482 1859 524 1891 he
541 1859 607 1891 had
622 1857 813 1898 conquered
836 1857 893 1889 the
913 1858 1062 1891 Romans
1079 1870 1122 1891 on
1144 1861 1201 1893 the
1220 1861 1320 1901 Liris,
1341 1873 1422 1896 near

189 1910 264 1932 erac
278 1910 328 1932 ea.
1180 1925 1184 1929 .

194 1955 205 1973 ¹
219 1953 287 1985 For
300 1965 349 1985 me
364 1954 474 1994 efferre
488 1955 592 1985 velim.
640 1953 704 1984 See
725 1953 834 1984 Gram.
852 1953 870 1986 <³
887 1955 959 1990 371,
979 1960 1055 1984 note
1072 1957 1101 1985 2.

192 2007 206 2026 ²
221 2010 229 2024 ‘
243 2006 375 2038 Cannot
392 2007 477 2038 have
489 2007 598 2046 justly
615 2006 784 2045 preferred
806 2006 1013 2038 themselves
1036 2015 1070 2038 to
1093 2019 1133 2040 us
1146 2009 1168 2046 ;'
1189 2010 1258 2041 that
1277 2011 1316 2048 is,
1334 2010 1419 2044 have

153 2053 210 2078 not
226 2046 450 2086 actedjustly,
469 2048 497 2078 if
515 2048 594 2086 they
610 2047 695 2078 have
712 2046 878 2086 preferred
894 2047 1102 2080 themselves
1120 2056 1152 2080 to
1169 2060 1219 2081 us.

193 2100 205 2118 ³
221 2098 294 2129 ‘As
316 2097 402 2138 good
425 2098 488 2129 and
512 2099 612 2129 brave
643 2098 812 2130 soldier-s)
875 2097 951 2129 The
974 2107 1084 2130 orator
1107 2099 1246 2132 himself
1269 2102 1420 2142 despises

153 2138 252 2169 those
269 2137 345 2169 who
367 2138 453 2169 have
476 2139 578 2169 saved
602 2138 824 2174 themselves,
845 2139 905 2169 but
929 2138 1000 2170 still
1017 2140 1087 2171 will
1110 2150 1166 2172 not
1186 2152 1311 2181 oppose
1334 2143 1422 2176 their

154 2179 255 2218 being
270 2178 391 2209 looked
408 2188 496 2217 upon
512 2188 548 2209 as
564 2178 653 2218 good
670 2178 820 2209 soldiers.

197 2231 209 2248 ⁴
227 2233 235 2245 ‘
249 2228 361 2265 You;’
380 2228 451 2260 that
476 2229 516 2264 is,
535 2239 619 2268 your
642 2228 861 2260 forefathers:
887 2231 1049 2269 hospitum
1070 2243 1213 2269 numero,
1239 2243 1275 2264 as
1297 2233 1423 2267 friends

153 2275 188 2300 to
214 2268 326 2300 whom
349 2268 391 2299 he
414 2279 484 2299 was
507 2269 618 2299 bound
642 2270 688 2307 by
712 2269 768 2300 the
792 2269 855 2300 ties
879 2268 917 2299 of
935 2269 1148 2310 hospitality;
1174 2273 1197 2303 it
1221 2273 1327 2314 might
1351 2274 1422 2306 also

153 2309 239 2340 have
255 2310 342 2340 been
359 2310 393 2339 in
411 2319 544 2340 numero
565 2310 736 2349 hospitum.
782 2308 847 2340 See
867 2309 979 2340 Gram.
998 2311 1016 2344 ᾧ
1033 2314 1104 2348 307,
1127 2315 1153 2344 1.

299 2351 344 2383 29
766 2360 801 2381 w
