1539 2508
129 139 207 174 252
665 146 700 171 T.
730 146 841 171 lell.

128 221 358 266 Carthaginis
384 220 519 255 bellare
545 218 649 265 soliti,
681 219 708 253 si
738 218 900 253 videant¹
929 230 1003 264 nos,
1026 218 1233 264 progeniem
1260 229 1376 264 suam,

127 269 219 303 duos
260 268 428 303 consules
472 266 751 311 consularesque
796 266 988 312 exercitus,
1024 266 1060 300 in
1105 266 1227 300 media
1272 265 1378 300 Italia

126 323 305 361 paventes
334 316 426 348 intra
459 320 596 358 castra3
633 314 804 358 Poenum,
834 313 929 358 quod
963 314 1054 347 inter
1080 313 1194 358 Alpes
1219 313 1377 358 Apenni-

127 374 287 407 numque
320 362 396 406 agri
429 361 485 405 sit,
522 372 608 394 suae
642 359 796 394 dicionis
829 360 960 394 fecisse
976 360 1005 393 2⁷
1080 360 1180 393 Haec
1213 359 1379 393 assidens

126 421 234 454 aegro
268 409 441 453 collegae,
478 409 569 442 haec
612 408 647 441 in
690 408 863 452 praetorio
908 418 1018 452 prope
1051 406 1379 441 contionabundus²

125 467 249 501 agere.
301 455 515 490 Stimulabat
549 461 584 488 et
610 460 756 499 tempus
789 455 1031 499 propinquum
1065 454 1304 498 comitiorum,
1331 464 1377 487 ne

127 503 163 537 in
189 514 301 537 novos
327 502 494 537 consules
520 501 657 536 bellum
683 500 898 546 differretur,
917 508 953 535 et
971 502 1112 535 occasio
1139 502 1173 535 in
1200 512 1238 534 se
1265 511 1378 534 unum

127 550 324 584 vertendae
350 550 497 594 gloriae,
523 548 612 582 dum
638 559 746 593 aeger
771 548 914 593 collega
939 555 1026 582 erat.
1078 548 1205 593 Itaque
1231 547 1378 591 nequic-

127 608 237 642 quam
256 596 494 631 dissentiente
513 595 677 630 Cornelio
705 596 822 641 parari
848 596 896 629 ad
924 595 1167 641 propinquum
1193 600 1380 628 certamen

126 644 264 678 milites
279 643 394 689 jubet.

175 691 356 725 Hannibal
391 702 477 724 cum
510 690 595 735 quid
628 689 807 734 optimum
850 689 941 723 foret
982 688 1077 723 hosti
1109 693 1284 732 cerneret,
1321 687 1380 722 vir(

127 738 241 773 ullam
276 749 379 784 spem
413 737 573 772 habebat
607 742 745 770 temere
779 743 889 782 atque
935 735 1136 781 improvide
1181 735 1379 780 quicquam

127 785 294 820 eonsules
335 791 488 819 acturos.
551 784 658 818 Cum³
701 783 848 817 alterius
892 784 1090 827 ingenium,
1126 782 1227 816 sama
1270 782 1378 827 prius,

127 832 261 866 deinde
289 843 325 866 re
352 832 550 876 cognitum,
586 830 765 876 percitum
799 842 842 864 ac
875 830 979 864 ferox
1012 829 1119 864 sciret
1161 840 1254 873 esse,
1288 829 1379 862 sero-

127 879 278 924 ciusque
305 879 442 913 factum
468 888 638 923 prospero
664 888 748 911 cum
776 876 1050 922 praedatoribus
1077 876 1152 910 suis
1178 875 1378 909 certamine

127 926 302 971 crederet,
337 926 467 959 adesse
500 923 685 969 gerendae
721 924 771 957 rei
811 924 991 958 fortunam
1034 922 1131 956 haud
1174 921 1378 956 diffidebat.

129 972 241 1018 Cujus
258 985 302 1007 ne
321 972 415 1018 quod
436 971 740 1017 praetermitteret
766 976 922 1016 tempus,
945 969 1122 1004 sollicitus
1147 969 1379 1014 intentusque

128 1027 215 1064 erat,
251 1020 340 1054 dum
374 1019 438 1053 tiro
471 1018 629 1052 hostium
674 1017 780 1051 miles
825 1024 933 1062 esset,
968 1017 1055 1051 dum
1101 1016 1291 1050 meliorem
1335 1027 1381 1050 ex

128 1067 286 1101 ducibus
327 1066 492 1100 inutilem
537 1065 667 1099 vulnus
712 1064 860 1108 faceret,
906 1064 994 1098 dum
1038 1063 1224 1098 Gallorum
1267 1062 1381 1097 animi

128 1114 305 1158 vigerent,
340 1123 493 1158 quorum
527 1112 712 1155 ingentem
753 1111 1026 1145 multitudinem
1061 1109 1199 1144 sciebat
1233 1109 1382 1153 segnius

129 1166 348 1205 secuturam,
383 1165 517 1204 quanto
551 1158 691 1202 longius
719 1158 765 1192 ab
792 1158 900 1192 domo
925 1158 1169 1191 traherentur.
1219 1156 1309 1191 Cum
1335 1156 1381 1191 ob

129 1206 222 1241 haec
249 1207 407 1252 taliaque
434 1212 594 1251 speraret
620 1205 860 1250 propinquum
887 1210 1085 1250 certamen,
1113 1209 1150 1237 et
1176 1203 1325 1248 facere‚⁴
1350 1203 1382 1237 si

128 1259 341 1299 cessaretur,
361 1258 521 1298 cuperet,
550 1252 869 1298 speculatoresque
895 1251 1000 1298 Galli,
1019 1250 1067 1285 ad
1092 1261 1136 1285 ea
1161 1249 1383 1295 exploranda

128 1312 223 1346 quae
256 1301 380 1334 vellet⁵
414 1300 576 1345 tutiores,
611 1299 697 1344 quia
730 1300 767 1332 in
799 1300 961 1343 utrisque
995 1298 1122 1332 castris
1164 1297 1378 1342 militabant,

129 1354 272 1394 paratos
305 1358 447 1392 pugnae
481 1357 562 1380 esse
595 1347 776 1380 Romanos
818 1345 1051 1391 rettulissent,
1086 1344 1206 1378 locum
1238 1344 1382 1378 insidiis

129 1394 434 1439 circumspectare
454 1393 596 1427 Poenus
613 1392 742 1437 coepit.

177 1445 235 1475 54.
265 1442 350 1475 Erat
376 1440 412 1474 in
437 1439 560 1474 medio
586 1440 682 1473 rivus
706 1438 876 1484 praealtis
904 1438 1086 1483 utrimque
1112 1437 1260 1472 clausus
1285 1436 1379 1483 ripis,

130 1493 166 1522 et
193 1488 290 1522 circa
314 1487 453 1521 obsitus
478 1486 699 1532 palustribus
724 1485 848 1520 herbis
874 1491 910 1519 et
936 1485 1065 1530 quibus
1098 1485 1235 1518 inculta
1259 1483 1377 1518 ferme

129 1536 343 1579 vestiuntur,
365 1533 528 1579 virgultis
548 1533 805 1579 vepribusque.
855 1532 974 1570 Quem
992 1532 1054 1566 ubi
1071 1531 1215 1577 equites
1239 1542 1382 1576 quoque

131 1581 303 1627 tegendoss
329 1582 416 1615 satis
448 1581 668 1615 latebrosum
703 1580 825 1614 locum
859 1580 1127 1614 circumvectus
1158 1578 1235 1624 ipse
1268 1577 1383 1612 oculis

172 1699 182 1716 ¹
200 1700 207 1714 ‘
222 1697 309 1728 How
334 1695 443 1727 would
464 1706 523 1726 our
546 1694 668 1725 fathers
692 1705 804 1734 groan,
831 1694 858 1725 if
875 1693 954 1733 they
976 1693 1069 1724 saw.’
1116 1693 1202 1732 Livy
1223 1703 1303 1724 uses
1325 1692 1383 1723 the

131 1743 275 1776 present,
293 1736 522 1774 representing
537 1735 591 1765 the
609 1735 702 1774 thing
718 1745 753 1766 as
770 1734 914 1773 possible
932 1744 1000 1769 <see
1020 1733 1128 1764 Gram.
1147 1733 1164 1766 ᾖ
1181 1735 1263 1768 344).
1308 1733 1338 1763 It
1355 1733 1383 1763 is

131 1788 213 1816 very
226 1777 371 1815 possible
389 1776 458 1806 that
474 1786 572 1814 many
584 1785 671 1806 were
688 1775 767 1805 then
783 1774 852 1805 still
865 1774 949 1805 alive
962 1773 1050 1809 who,
1069 1773 1101 1804 in
1114 1776 1172 1804 256
1186 1783 1266 1810 B.c.,
1281 1772 1385 1804 under

134 1817 298 1855 Regulus,
318 1816 382 1847 had
399 1815 524 1846 carried
539 1826 582 1846 on
599 1825 666 1845 war
682 1816 782 1845 about
799 1814 854 1845 the
878 1813 972 1845 walls
988 1813 1025 1844 of
1044 1813 1222 1852 Carthage.

136 1858 183 1927 G²
201 1860 208 1872 ⁶
223 1856 357 1928 Al§mo45t
384 1855 451 1886 like
476 1866 518 1886 an
542 1862 649 1886 orator
673 1854 868 1893 addressing
890 1865 909 1885 a
930 1853 1067 1892 popular
1082 1852 1273 1891 assembly.’
1308 1852 1384 1883 'See

170 1908 245 1926 ram.
300 1898 313 1925 1
340 1898 368 1925 5.

173 1937 184 1954 ³
198 1935 263 1966 For
280 1934 334 1965 the
352 1935 545 1966 connection
562 1935 599 1965 os
616 1934 671 1965 the
689 1940 844 1965 sentence
867 1943 908 1965 an
931 1932 1136 1964 adversative
1160 1932 1382 1971 conjunction,

133 1978 199 2012 sed,
220 1986 340 2010 verum,
360 1981 582 2011 veruntamen,
603 1981 691 2005 must
716 1976 755 2005 be
778 1973 929 2012 supplied
952 1974 985 2004 in
1008 1972 1170 2012 thought:
1199 1972 1386 2003 ‘Hannibal

133 2015 281 2054 scarcely
298 2014 438 2053 thought
452 2015 521 2045 that
539 2015 594 2045 the
611 2015 745 2045 consuls
762 2015 873 2045 would
889 2014 930 2045 do
947 2013 1106 2052 anything
1129 2013 1384 2043 inconsiderate-

133 2056 188 2095 ]y;
214 2056 272 2086 but
290 2054 387 2085 when
404 2054 444 2084 he
462 2054 636 2092 perceived
659 2055 734 2085 how
751 2054 914 2085 excitable
938 2053 1001 2084 and
1024 2053 1211 2091 impetuous
1232 2052 1384 2090 Sempro-

133 2096 306 2166 niuslwas,
334 2095 374 2125 he
398 2095 507 2133 began
531 2100 563 2124 to
587 2095 750 2125 entertain
774 2105 793 2125 a
816 2094 900 2133 hope
925 2093 995 2124 that
1020 2093 1060 2123 he
1084 2092 1195 2123 would
1218 2092 1293 2131 give
1318 2092 1387 2122 him

133 2137 203 2166 batt
220 2146 248 2166 e.

176 2177 188 2193 ⁴
201 2175 320 2206 Facere
335 2174 367 2205 in
384 2185 402 2205 a
418 2184 508 2205 more
532 2180 690 2212 pregnant
708 2184 805 2204 sense
830 2173 909 2204 than
931 2182 1102 2204 common:
1130 2174 1137 2187 ⁴
1151 2171 1191 2202 he
1209 2170 1337 2202 wished
1354 2177 1388 2201 to

134 2217 224 2246 make
239 2226 257 2245 a
273 2215 388 2250 battle,
404 2221 438 2245 to
456 2214 549 2252 bring
565 2214 664 2243 about
681 2224 742 2244 one
759 2214 918 2250 himself,⁷
938 2216 1023 2244 ultro
1037 2213 1158 2252 facere.

174 2256 186 2273 ⁵
203 2258 210 2271 ‘
225 2254 349 2285 Which
366 2255 406 2285 he
423 2253 550 2284 wished
567 2259 598 2283 to
615 2252 698 2283 have
715 2253 959 2293 investigated.’
1010 2252 1157 2283 Tutiores
1173 2250 1251 2282 here
1273 2250 1307 2281 ih
1329 2249 1386 2281 the

134 2304 233 2325 sense
250 2295 287 2325 of
303 2296 463 2326 certiores.

176 2334 187 2352 ⁶
203 2337 211 2351 ⁴
224 2334 290 2366 For
307 2335 500 2373 concealing
516 2332 648 2371 cavalry
660 2332 681 2368 ;'
702 2332 757 2362 the
781 2332 1006 2364 construction
1020 2331 1058 2363 of
1075 2331 1132 2363 the
1148 2331 1258 2363 dative
1275 2329 1313 2362 of
1327 2328 1387 2361 the
