1539 2508
84 77 137 114 80
630 87 667 114 τ.
692 87 809 115 mvn.

83 161 286 198 antistitem
321 161 393 198 sani
427 161 580 198 Dianae.
647 161 888 209 Sabinusque,
922 166 962 198 ut
1002 161 1120 209 prima
1153 166 1240 209 apta
1270 160 1355 199 dies

85 211 264 246 sacrificio
291 210 366 245 visa
393 217 457 255 est,
490 210 619 245 bovem
648 211 800 245 Romam
829 217 950 245 actam
977 209 1127 245 deducit
1153 209 1200 245 ad
1226 209 1355 246 sanum

86 257 236 304 Dianae,
266 265 302 292 et
335 265 420 292 ante
454 270 556 292 aram
591 259 726 292 statuit.
781 258 834 293 lbi
863 257 1018 292 antistes
1044 258 1241 301 Romanus,
1268 268 1356 293 cum

86 316 172 340 eum
208 305 422 350 magnitudo
454 306 626 340 victimae
655 304 841 345 celebrata
871 305 970 340 sarna
999 305 1184 352 movisset,
1212 316 1356 340 memor

88 354 261 399 responsi‘
305 353 479 387 Sabinum
524 354 571 386 ita
614 352 819 398 alloquitur.
887 351 1090 391 ‘Quidnam
1124 359 1174 398 tn,
1211 354 1353 399 hospes,

87 401 230 447 paras?q
263 400 388 445 inquit,
419 400 592 434 ‘inceste‘
621 401 841 435 sacrificium
873 400 1011 435 Dianae
1045 399 1196 435 facere?
1245 399 1357 439 Quin·

88 455 125 482 tu
161 455 246 482 aute
282 459 363 481 vivo
406 447 638 493 perfunderis
676 447 856 482 flumine?
900 448 1025 483 infima
1059 447 1154 482 valle
1187 447 1356 494 praefluit

87 495 255 530 Tiberis.y
309 495 499 540 Religione
534 501 654 530 tactus
687 495 829 541 hospes,
858 496 919 541 qui
954 495 1089 539 omnia,
1118 501 1156 529 ut
1190 495 1356 541 prodigio

89 542 325 588 responderet
352 550 517 587 eventus,
537 549 689 588 cuperet
716 544 784 577 rite
811 543 918 587 sacta,
937 542 1138 588 extemplo⁴
1162 542 1357 577 descendit

86 590 133 624 ad
161 590 335 625 Tiberim.
390 590 531 625 Interea
557 590 742 625 Romanus
768 590 935 625 immolat
962 590 1100 625 Dianae
1129 589 1283 625 bovem:
1319 588 1358 625 id

88 638 178 672 mire
195 645 339 683 gratum
359 639 433 683 regi
451 644 562 684 atque
581 638 719 673 civitati
740 638 817 672 suit.

136 689 192 720 46.
229 685 375 719 Servius
408 697 632 731 quamquam
666 685 743 731 jam
778 697 845 720 usu
881 684 978 720 haud
1012 684 1166 720 dubium
1202 695 1357 730 regnum

87 732 325 779 possederat?
344 740 467 767 tamen
487 735 573 779 quia
592 733 774 767 interdum
793 733 920 776 jactari
941 743 1052 767 voces
1067 744 1090 766 a
1105 731 1242 778 juvene
1268 732 1356 767 Tar·

86 780 210 826 quinio
239 781 412 815 audiebat
448 792 486 814 se
522 780 659 826 injussu
688 780 811 826 populi
842 791 1004 825 regnare.
1031 780 1226 815 conciliata
1258 779 1358 826 prius

87 825 274 862 voluntate
294 828 422 874 plebis,
441 839 526 873 agro
553 835 659 874 capto
686 839 731 863 ex
757 827 923 863 hostibus
942 827 1074 862 viritim
1097 827 1225 873 diviso,
1242 837 1358 862 ausus

87 881 143 910 est
174 875 267 909 serre
296 876 341 910 ad
372 876 559 922 populum,
589 875 725 910 vellent
758 875 976 921 juberentne
1004 886 1043 909 se
1074 885 1246 920 regnare;
1279 881 1357 909 tan-

87 928 196 968 toque
226 934 418 968 consensu,
447 930 582 969 quanto
612 923 709 957 haud
739 924 932 969 quisquam
963 922 1058 957 alius
1085 928 1181 967 ante,
1210 933 1272 957 rex
1301 927 1358 956 est

87 969 307 1005 declaratus.
359 971 492 1016 Neque
520 982 565 1004 ea
595 982 652 1005 res
679 970 876 1016 Tarquinio
904 981 1008 1016 spem
1031 968 1231 1004 affectandi
1255 968 1357 1015 regni

86 1018 241 1053 minuit:
280 1018 392 1052 immo
420 1029 464 1052 eo
493 1018 704 1064 impensius,
733 1018 818 1064 quia
846 1017 893 1051 de
926 1028 1012 1062 agro
1046 1016 1168 1063 plebis
1199 1016 1357 1051 adversa

87 1065 235 1100 Patrum
263 1065 450 1100 voluntate
477 1071 639 1100 senserat
666 1065 737 1110 agi,
766 1064 985 1099 criminandi
1018 1063 1132 1100 Servii
1165 1063 1264 1110 apud
1290 1063 1358 1099 Pa-

87 1118 161 1147 tres
178 1114 440 1159 crescendique
469 1113 502 1147 in
530 1113 643 1147 curia⁶
669 1112 737 1147 sibi
763 1112 993 1147 occasionem
1020 1112 1146 1146 datam
1165 1118 1265 1146 ratus
1288 1117 1356 1157 est,

86 1167 122 1195 et
142 1161 218 1207 ipse
235 1160 382 1206 juvenis
407 1159 571 1195 ardentis
596 1160 723 1203 animi,
743 1167 779 1194 et
805 1160 904 1194 domi
931 1170 1042 1194 uxore
1067 1159 1191 1194 Tullia
1216 1159 1357 1204 inquie-

87 1215 166 1242 tum
183 1209 349 1243 animum
368 1208 593 1243 stimulante.
645 1208 745 1242 Tulit
773 1207 872 1242 enim
899 1213 935 1242 et
963 1207 1126 1242 Romana
1151 1206 1253 1252 regia
1278 1216 1358 1240 sce-

88 1255 175 1290 leris
208 1256 346 1302 tragici⁷
381 1255 606 1302 exemplum,
630 1261 668 1290 ut
697 1254 818 1290 taedio
853 1266 979 1300 regum
1015 1254 1188 1289 maturior
1215 1253 1359 1288 veniret

87 1302 248 1348 libertas,
287 1303 534 1349 ultimumque
569 1315 723 1348 regnum
760 1309 867 1347 esset,
903 1301 1000 1348 quod
1035 1301 1175 1337 scelere
1210 1307 1354 1348 patrum

86 1350 192 1386 soret.
244 1351 312 1385 Hic
346 1351 383 1385 L.
414 1351 634 1396 Tarquinius
664 1350 793 1396 (Prisci
822 1349 1011 1395 Tarquinii
1042 1349 1139 1395 regis
1171 1348 1270 1384 filius
1296 1359 1358 1383 ne·

85 1409 200 1444 posne
219 1397 338 1443 fuerit,
358 1410 486 1444 parum
513 1398 648 1444 liquet;
676 1397 842 1444 pluribus
860 1404 984 1431 tamen
1003 1395 1216 1432 auctoribus
1239 1395 1358 1431 filium

86 1445 283 1491 ediderim)
326 1446 474 1481 fratrem
517 1445 697 1481 habuerat
739 1447 918 1480 Aruntem
960 1443 1212 1490 Tarquinium,
1256 1442 1359 1478 mitis

86 1493 220 1539 ingenii
252 1493 442 1539 juvenem.
503 1494 569 1528 His
602 1493 757 1538 duobus,
792 1499 831 1527 ut
865 1498 952 1527 ante
985 1491 1124 1526 dictum
1157 1497 1225 1537 est,
1259 1490 1358 1526 duae

126 1582 397 1629 ¹Responsumjs
414 1584 492 1614 here
513 1582 727 1622 ‘prophecy.'
752 1582 844 1614 since
868 1580 1008 1622 nothing
1031 1580 1091 1612 has
1114 1581 1200 1612 been
1222 1578 1295 1612 said
1316 1578 1355 1611 of

84 1624 353 1736 anf-‘eriiicplgrlelllyl
352 1625 448 1701 :pigui-³
452 1634 547 1695 {2315
551 1623 682 1695 cilistllililse
686 1623 788 1695 {ense
805 1662 909 1695 refers
927 1660 1140 1702 particularly
1155 1666 1189 1693 to
1201 1660 1357 1701 previous

109 1715 158 1736 uri
184 1713 304 1736 canon.

83 1715 104 1744 p
125 1746 136 1764 ³
150 1745 190 1776 In
207 1745 289 1777 form
307 1756 325 1777 a
341 1745 507 1784 question,
520 1746 592 1781 but,
609 1745 642 1776 in
658 1751 890 1783 consequence
906 1742 944 1775 of
955 1742 1011 1774 the
1027 1741 1162 1774 remark
1171 1740 1281 1772 which
1296 1740 1356 1772 fol-

85 1784 180 1821 lows,
201 1786 232 1816 in
249 1796 346 1817 sense
363 1786 474 1817 rather
490 1796 508 1816 a
524 1785 721 1816 command:
743 1789 751 1801 ⁴
766 1783 858 1824 Why
869 1784 944 1815 dost
958 1783 1040 1814 thou
1055 1789 1112 1814 not
1128 1781 1171 1813 do
1183 1781 1250 1813 this
1262 1781 1287 1813 τ’
1306 1781 1357 1814 sor

87 1829 95 1842 ‘
107 1825 160 1857 Do
176 1826 223 1856 it.’
271 1826 334 1857 See
353 1826 488 1865 Zumpt,
508 1826 525 1859 ὑ
542 1828 613 1856 542.

126 1867 138 1885 ⁴
153 1866 230 1902 We,
250 1866 422 1906 following
444 1866 501 1897 the
526 1873 611 1897 most
635 1872 749 1896 recent
771 1863 897 1896 critical
919 1863 1037 1900 editor,
1058 1861 1124 1894 Mr.
1143 1861 1353 1900 Alschefski,

84 1906 184 1939 make
207 1909 359 1948 extemplo
381 1917 442 1938 one
466 1906 570 1942 word,
591 1907 733 1936 because
756 1904 897 1944 thereby
919 1904 975 1935 the
999 1903 1071 1935 zeal
1093 1901 1132 1934 of
1149 1902 1206 1934 the
1230 1902 1355 1935 Sabine

84 1948 184 1988 priest
203 1947 230 1979 is
247 1947 389 1987 brought
414 1946 555 1986 directly
571 1945 684 1977 before
707 1956 758 1982 us,
778 1944 929 1976 whereas
946 1957 982 1976 ex
997 1945 1112 1986 templo
1134 1942 1262 1983 merely
1278 1943 1354 1976 imi-

84 1995 193 2020 mates
209 1987 298 2019 what
315 1987 343 2019 is
359 1986 586 2019 sels-evident.

124 2031 136 2048 ⁶
153 2032 160 2045 ‘
174 2027 249 2060 Had
266 2028 367 2059 taken
384 2027 574 2067 possession
599 2025 657 2062 of,‘
683 2025 911 2065 conformably
927 2032 962 2056 to
984 2025 1042 2057 the
1065 2023 1204 2064 original
1227 2023 1354 2064 signifi-

83 2069 193 2100 cation
209 2068 324 2100 ofthis
338 2068 441 2104 word,
457 2067 583 2107 though
596 2068 778 2107 possidebat
792 2074 846 2097 too
863 2067 906 2097 mi
935 2066 969 2097 ht
985 2067 1025 2098 be
1037 2065 1122 2098 used
1134 2065 1168 2096 in
1183 2064 1240 2096 the
1255 2074 1355 2096 sense

83 2108 121 2141 of
141 2113 149 2126 ⁴
163 2109 204 2141 he
221 2109 413 2149 possessed,
433 2119 502 2139 was
519 2108 552 2138 in
569 2107 761 2146 possession
777 2106 831 2138 of.'
917 2108 976 2138 elle
997 2108 1100 2138 'ubere
1115 2104 1273 2142 (towards
1297 2104 1355 2136 the

83 2149 148 2181 end
165 2149 203 2181 of
221 2150 276 2181 the
293 2155 463 2183 sentence)
480 2159 534 2180 are
560 2149 637 2178 here
661 2147 744 2179 used
766 2158 802 2179 as
819 2158 881 2178 one
899 2118 1003 2184 ποι-δῖ
1021 2146 1085 2179 and
1107 2144 1273 2190 therefore
1296 2144 1354 2176 the

83 2190 218 2222 enclitic
234 2202 274 2222 ne
289 2191 317 2222 is
340 2189 457 2229 placed
473 2196 503 2220 at
521 2188 578 2220 the
601 2188 666 2219 end
689 2188 726 2220 of
743 2188 799 2220 the
823 2188 1030 2228 expression.
1075 2186 1242 2226 Compare
1258 2195 1279 2216 ι.
1299 2187 1352 2224 17,-

108 2255 114 2261 .
131 2233 184 2266 ⁴10,
203 2238 281 2262 note
297 2233 327 2262 4.

82 2240 103 2271 p
124 2273 137 2290 ⁸
151 2271 241 2303 That
260 2272 299 2308 is,
319 2271 352 2302 in
368 2270 425 2302 the
442 2277 570 2303 senate.
590 2269 672 2300 with
689 2268 746 2300 the
763 2276 925 2301 senators.

123 2311 135 2330 '¹
152 2314 159 2328 ‘
171 2311 263 2344 Such
279 2323 315 2344 as
330 2311 464 2351 usually
480 2321 597 2343 occurs
613 2309 691 2350 only
707 2310 741 2341 in
757 2309 947 2351 tragedies.’
