<?xml version="1.0" encoding="UTF-8"?>
<!DOCTYPE html PUBLIC "-//W3C//DTD XHTML 1.0 Transitional//EN"
    "http://www.w3.org/TR/xhtml1/DTD/xhtml1-transitional.dtd">
<html xmlns="http://www.w3.org/1999/xhtml" xml:lang="en" lang="en">
 <head>
  <title>
</title>
<meta http-equiv="Content-Type" content="text/html;charset=utf-8" />
  <meta name='ocr-system' content='tesseract 3.04.00' />
  <meta name='ocr-capabilities' content='ocr_page ocr_carea ocr_par ocr_line ocrx_word'/>
</head>
<body>
  <div class='ocr_page' id='page_1' title='image "./historiarumlibri00livyuoft_0311.png"; bbox 0 0 1523 2524; ppageno 0'>
   <div class='ocr_carea' id='block_1_1' title="bbox 621 119 1390 158">
    <p class='ocr_par' dir='ltr' id='par_1_1' title="bbox 621 119 1390 158">
     <span class='ocr_line' id='line_1_1' title="bbox 621 119 1390 158; baseline 0.004 -4"><span class='ocrx_word' id='word_1_1' title='bbox 621 128 748 154; x_wconf 74' lang='lat' dir='ltr'>maan</span> <span class='ocrx_word' id='word_1_2' title='bbox 777 128 884 155; x_wconf 75' lang='lat' dir='ltr'>xxii.</span> <span class='ocrx_word' id='word_1_3' title='bbox 1308 119 1390 158; x_wconf 81' lang='grc'>297</span> 
     </span>
    </p>
   </div>
   <div class='ocr_carea' id='block_1_2' title="bbox 109 201 1393 1839">
    <p class='ocr_par' dir='ltr' id='par_1_2' title="bbox 112 201 1393 481">
     <span class='ocr_line' id='line_1_2' title="bbox 160 201 1392 253; baseline 0.002 -13"><span class='ocrx_word' id='word_1_4' title='bbox 160 201 347 240; x_wconf 78' lang='lat' dir='ltr'>Hannibal</span> <span class='ocrx_word' id='word_1_5' title='bbox 371 213 435 251; x_wconf 83' lang='lat' dir='ltr'>pro</span> <span class='ocrx_word' id='word_1_6' title='bbox 459 203 607 238; x_wconf 89' lang='lat' dir='ltr'>Geronii</span> <span class='ocrx_word' id='word_1_7' title='bbox 634 203 842 249; x_wconf 82' lang='lat' dir='ltr'>moenibus,</span> <span class='ocrx_word' id='word_1_8' title='bbox 861 204 969 251; x_wconf 78' lang='lat' dir='ltr'>cujus</span> <span class='ocrx_word' id='word_1_9' title='bbox 993 203 1094 240; x_wconf 81' lang='lat' dir='ltr'>urbia</span> <span class='ocrx_word' id='word_1_10' title='bbox 1118 211 1251 252; x_wconf 85' lang='lat' dir='ltr'>captae</span> <span class='ocrx_word' id='word_1_11' title='bbox 1277 212 1392 253; x_wconf 85' lang='lat' dir='ltr'>atque</span> 
     </span>
     <span class='ocr_line' id='line_1_3' title="bbox 112 250 1390 300; baseline 0.001 -12"><span class='ocrx_word' id='word_1_12' title='bbox 112 262 289 288; x_wconf 69' lang='lat' dir='ltr'>incensae</span> <span class='ocrx_word' id='word_1_13' title='bbox 314 250 363 288; x_wconf 85' lang='lat' dir='ltr'>ab</span> <span class='ocrx_word' id='word_1_14' title='bbox 391 262 433 287; x_wconf 76' lang='lat' dir='ltr'>ae</span> <span class='ocrx_word' id='word_1_15' title='bbox 460 252 496 287; x_wconf 87' lang='lat' dir='ltr'>in</span> <span class='ocrx_word' id='word_1_16' title='bbox 527 263 631 286; x_wconf 81' lang='lat' dir='ltr'>usum</span> <span class='ocrx_word' id='word_1_17' title='bbox 661 251 873 287; x_wconf 82' lang='lat' dir='ltr'>horreorum</span> <span class='ocrx_word' id='word_1_18' title='bbox 901 264 1021 299; x_wconf 88' lang='lat' dir='ltr'>pauca</span> <span class='ocrx_word' id='word_1_19' title='bbox 1049 252 1246 300; x_wconf 82' lang='lat' dir='ltr'>reliquerat</span> <span class='ocrx_word' id='word_1_20' title='bbox 1280 260 1390 300; x_wconf 83' lang='lat' dir='ltr'>tecta,</span> 
     </span>
     <span class='ocr_line' id='line_1_4' title="bbox 113 299 1393 349; baseline 0 -12"><span class='ocrx_word' id='word_1_21' title='bbox 113 299 151 337; x_wconf 83' lang='lat' dir='ltr'>in</span> <span class='ocrx_word' id='word_1_22' title='bbox 183 299 327 337; x_wconf 72' lang='lat' dir='ltr'>stativis</span> <span class='ocrx_word' id='word_1_23' title='bbox 357 306 446 335; x_wconf 89' lang='lat' dir='ltr'>erat.</span> <span class='ocrx_word' id='word_1_24' title='bbox 500 300 589 335; x_wconf 85' lang='lat' dir='ltr'>Inde</span> <span class='ocrx_word' id='word_1_25' title='bbox 619 299 886 336; x_wconf 86' lang='lat' dir='ltr'>frumentatum</span> <span class='ocrx_word' id='word_1_26' title='bbox 921 300 1015 336; x_wconf 81' lang='lat' dir='ltr'>duas</span> <span class='ocrx_word' id='word_1_27' title='bbox 1050 302 1236 337; x_wconf 77' lang='lat' dir='ltr'>exercitus</span> <span class='ocrx_word' id='word_1_28' title='bbox 1269 311 1393 349; x_wconf 79' lang='lat' dir='ltr'>partes</span> 
     </span>
     <span class='ocr_line' id='line_1_5' title="bbox 115 348 1390 396; baseline 0.002 -12"><span class='ocrx_word' id='word_1_29' title='bbox 115 348 311 394; x_wconf 82' lang='lat' dir='ltr'>mittebat;</span> <span class='ocrx_word' id='word_1_30' title='bbox 337 359 424 384; x_wconf 85' lang='lat' dir='ltr'>cum</span> <span class='ocrx_word' id='word_1_31' title='bbox 455 348 562 383; x_wconf 82' lang='lat' dir='ltr'>tertia</span> <span class='ocrx_word' id='word_1_32' title='bbox 592 348 670 394; x_wconf 88' lang='lat' dir='ltr'>ipse</span> <span class='ocrx_word' id='word_1_33' title='bbox 700 349 878 395; x_wconf 82' lang='lat' dir='ltr'>expedita</span> <span class='ocrx_word' id='word_1_34' title='bbox 908 348 945 384; x_wconf 91' lang='lat' dir='ltr'>in</span> <span class='ocrx_word' id='word_1_35' title='bbox 975 349 1132 385; x_wconf 80' lang='lat' dir='ltr'>statione</span> <span class='ocrx_word' id='word_1_36' title='bbox 1158 356 1247 396; x_wconf 85' lang='lat' dir='ltr'>erat,</span> <span class='ocrx_word' id='word_1_37' title='bbox 1276 350 1390 386; x_wconf 79' lang='lat' dir='ltr'>simul</span> 
     </span>
     <span class='ocr_line' id='line_1_6' title="bbox 113 395 1388 445; baseline 0.002 -13"><span class='ocrx_word' id='word_1_38' title='bbox 113 396 244 433; x_wconf 76' lang='lat' dir='ltr'>castris</span> <span class='ocrx_word' id='word_1_39' title='bbox 276 396 471 445; x_wconf 80' lang='lat' dir='ltr'>praesidiO,</span> <span class='ocrx_word' id='word_1_40' title='bbox 507 403 543 431; x_wconf 91' lang='lat' dir='ltr'>et</span> <span class='ocrx_word' id='word_1_41' title='bbox 577 395 898 444; x_wconf 78' lang='lat' dir='ltr'>circumspectans</span> <span class='ocrx_word' id='word_1_42' title='bbox 940 397 1109 433; x_wconf 84' lang='lat' dir='ltr'>necunde</span> <span class='ocrx_word' id='word_1_43' title='bbox 1151 397 1314 445; x_wconf 78' lang='lat' dir='ltr'>impetus</span> <span class='ocrx_word' id='word_1_44' title='bbox 1350 399 1388 434; x_wconf 80' lang='lat' dir='ltr'>in</span> 
     </span>
     <span class='ocr_line' id='line_1_7' title="bbox 113 443 535 481; baseline -0.002 -1"><span class='ocrx_word' id='word_1_45' title='bbox 113 443 401 481; x_wconf 79' lang='lat' dir='ltr'>frumentatores</span> <span class='ocrx_word' id='word_1_46' title='bbox 419 445 535 480; x_wconf 83' lang='lat' dir='ltr'>tieret.</span> 
     </span>
    </p>

    <p class='ocr_par' dir='ltr' id='par_1_3' title="bbox 113 493 1392 732">
     <span class='ocr_line' id='line_1_8' title="bbox 163 493 1390 538; baseline 0.002 -10"><span class='ocrx_word' id='word_1_47' title='bbox 163 495 222 529; x_wconf 81' lang='lat'>2⁴.</span> <span class='ocrx_word' id='word_1_48' title='bbox 250 493 436 529; x_wconf 83' lang='lat' dir='ltr'>Romanus</span> <span class='ocrx_word' id='word_1_49' title='bbox 454 499 541 528; x_wconf 87' lang='lat' dir='ltr'>tunc</span> <span class='ocrx_word' id='word_1_50' title='bbox 559 493 744 528; x_wconf 85' lang='lat' dir='ltr'>exercitus</span> <span class='ocrx_word' id='word_1_51' title='bbox 771 493 805 528; x_wconf 91' lang='lat' dir='ltr'>in</span> <span class='ocrx_word' id='word_1_52' title='bbox 830 504 917 538; x_wconf 77' lang='lat' dir='ltr'>agro</span> <span class='ocrx_word' id='word_1_53' title='bbox 946 493 1109 528; x_wconf 73' lang='lat' dir='ltr'>Larinati</span> <span class='ocrx_word' id='word_1_54' title='bbox 1137 500 1228 529; x_wconf 87' lang='lat' dir='ltr'>erat.</span> <span class='ocrx_word' id='word_1_55' title='bbox 1282 493 1390 530; x_wconf 81' lang='lat' dir='ltr'>Prae-</span> 
     </span>
     <span class='ocr_line' id='line_1_9' title="bbox 114 541 1392 588; baseline 0.001 -11"><span class='ocrx_word' id='word_1_56' title='bbox 114 546 195 577; x_wconf 85' lang='lat' dir='ltr'>erat</span> <span class='ocrx_word' id='word_1_57' title='bbox 213 541 406 577; x_wconf 78' lang='lat' dir='ltr'>Minucius</span> <span class='ocrx_word' id='word_1_58' title='bbox 424 542 601 586; x_wconf 81' lang='lat' dir='ltr'>magister</span> <span class='ocrx_word' id='word_1_59' title='bbox 618 542 798 588; x_wconf 87' lang='lat' dir='ltr'>equiturn,</span> <span class='ocrx_word' id='word_1_60' title='bbox 819 542 993 587; x_wconf 84' lang='lat' dir='ltr'>profecto,</span> <span class='ocrx_word' id='word_1_61' title='bbox 1014 542 1110 577; x_wconf 74' lang='lat' dir='ltr'>sicut</span> <span class='ocrx_word' id='word_1_62' title='bbox 1135 549 1222 577; x_wconf 86' lang='lat' dir='ltr'>ante</span> <span class='ocrx_word' id='word_1_63' title='bbox 1248 541 1392 578; x_wconf 88' lang='lat' dir='ltr'>dictum</span> 
     </span>
     <span class='ocr_line' id='line_1_10' title="bbox 113 588 1392 636; baseline 0.002 -12"><span class='ocrx_word' id='word_1_64' title='bbox 113 595 184 636; x_wconf 77' lang='lat' dir='ltr'>eat,</span> <span class='ocrx_word' id='word_1_65' title='bbox 215 588 262 625; x_wconf 92' lang='lat' dir='ltr'>ad</span> <span class='ocrx_word' id='word_1_66' title='bbox 296 588 426 624; x_wconf 86' lang='lat' dir='ltr'>urbem</span> <span class='ocrx_word' id='word_1_67' title='bbox 462 589 653 624; x_wconf 83' lang='lat' dir='ltr'>dictatore.</span> <span class='ocrx_word' id='word_1_68' title='bbox 708 589 880 624; x_wconf 89' lang='lat' dir='ltr'>Ceterum</span> <span class='ocrx_word' id='word_1_69' title='bbox 916 599 1048 635; x_wconf 86' lang='lat' dir='ltr'>castra,</span> <span class='ocrx_word' id='word_1_70' title='bbox 1076 601 1173 636; x_wconf 88' lang='lat' dir='ltr'>quae</span> <span class='ocrx_word' id='word_1_71' title='bbox 1202 591 1238 626; x_wconf 88' lang='lat' dir='ltr'>in</span> <span class='ocrx_word' id='word_1_72' title='bbox 1266 597 1392 626; x_wconf 88' lang='lat' dir='ltr'>monte</span> 
     </span>
     <span class='ocr_line' id='line_1_11' title="bbox 114 636 1391 685; baseline 0.001 -13"><span class='ocrx_word' id='word_1_73' title='bbox 114 637 189 673; x_wconf 89' lang='lat' dir='ltr'>alto</span> <span class='ocrx_word' id='word_1_74' title='bbox 215 649 261 673; x_wconf 83' lang='lat' dir='ltr'>ac</span> <span class='ocrx_word' id='word_1_75' title='bbox 287 643 365 672; x_wconf 88' lang='lat' dir='ltr'>tuto</span> <span class='ocrx_word' id='word_1_76' title='bbox 392 637 472 672; x_wconf 87' lang='lat' dir='ltr'>loco</span> <span class='ocrx_word' id='word_1_77' title='bbox 498 639 614 684; x_wconf 89' lang='lat' dir='ltr'>posita</span> <span class='ocrx_word' id='word_1_78' title='bbox 643 636 797 682; x_wconf 79' lang='lat' dir='ltr'>fuerant,</span> <span class='ocrx_word' id='word_1_79' title='bbox 816 637 892 684; x_wconf 89' lang='lat' dir='ltr'>jam</span> <span class='ocrx_word' id='word_1_80' title='bbox 918 638 951 672; x_wconf 90' lang='lat' dir='ltr'>in</span> <span class='ocrx_word' id='word_1_81' title='bbox 973 638 1123 684; x_wconf 85' lang='lat' dir='ltr'>planum</span> <span class='ocrx_word' id='word_1_82' title='bbox 1152 638 1391 685; x_wconf 74' lang='lat' dir='ltr'>deferuntur5</span> 
     </span>
     <span class='ocr_line' id='line_1_12' title="bbox 114 684 1392 732; baseline 0 -11"><span class='ocrx_word' id='word_1_83' title='bbox 114 685 424 732; x_wconf 79' lang='lat' dir='ltr'>agitabanturque</span> <span class='ocrx_word' id='word_1_84' title='bbox 451 696 514 732; x_wconf 88' lang='lat' dir='ltr'>pro</span> <span class='ocrx_word' id='word_1_85' title='bbox 543 685 690 731; x_wconf 81' lang='lat' dir='ltr'>ingenio</span> <span class='ocrx_word' id='word_1_86' title='bbox 716 684 822 720; x_wconf 86' lang='lat' dir='ltr'>ducis</span> <span class='ocrx_word' id='word_1_87' title='bbox 850 686 1005 721; x_wconf 88' lang='lat' dir='ltr'>consilia</span> <span class='ocrx_word' id='word_1_88' title='bbox 1032 685 1217 731; x_wconf 83' lang='lat' dir='ltr'>calidiora,</span> <span class='ocrx_word' id='word_1_89' title='bbox 1250 694 1289 721; x_wconf 87' lang='lat' dir='ltr'>ut</span> <span class='ocrx_word' id='word_1_90' title='bbox 1324 686 1392 722; x_wconf 87' lang='lat' dir='ltr'>im-</span> 
     </span>
    </p>

    <p class='ocr_par' dir='ltr' id='par_1_4' title="bbox 109 733 1392 1839">
     <span class='ocr_line' id='line_1_13' title="bbox 141 733 1391 779; baseline 0.001 -10"><span class='ocrx_word' id='word_1_91' title='bbox 141 741 226 770; x_wconf 81' lang='lat' dir='ltr'>etus</span> <span class='ocrx_word' id='word_1_92' title='bbox 242 734 358 769; x_wconf 89' lang='lat' dir='ltr'>autin</span> <span class='ocrx_word' id='word_1_93' title='bbox 379 733 664 769; x_wconf 78' lang='lat' dir='ltr'>frumentatores</span> <span class='ocrx_word' id='word_1_94' title='bbox 682 733 824 779; x_wconf 84' lang='lat' dir='ltr'>palatos</span> <span class='ocrx_word' id='word_1_95' title='bbox 850 740 913 768; x_wconf 85' lang='lat' dir='ltr'>aut</span> <span class='ocrx_word' id='word_1_96' title='bbox 941 734 974 769; x_wconf 89' lang='lat' dir='ltr'>in</span> <span class='ocrx_word' id='word_1_97' title='bbox 1004 741 1124 769; x_wconf 84' lang='lat' dir='ltr'>castra</span> <span class='ocrx_word' id='word_1_98' title='bbox 1151 734 1279 769; x_wconf 88' lang='lat' dir='ltr'>relicta</span> <span class='ocrx_word' id='word_1_99' title='bbox 1304 745 1391 770; x_wconf 86' lang='lat' dir='ltr'>cum</span> 
     </span>
     <span class='ocr_line' id='line_1_14' title="bbox 130 781 1392 830; baseline 0 -12"><span class='ocrx_word' id='word_1_100' title='bbox 130 782 188 818; x_wconf 83' lang='lat' dir='ltr'>evi</span> <span class='ocrx_word' id='word_1_101' title='bbox 223 781 405 830; x_wconf 81' lang='lat' dir='ltr'>praesidio</span> <span class='ocrx_word' id='word_1_102' title='bbox 439 782 556 817; x_wconf 85' lang='lat' dir='ltr'>fieret.</span> <span class='ocrx_word' id='word_1_103' title='bbox 609 782 689 816; x_wconf 90' lang='lat' dir='ltr'>Nec</span> <span class='ocrx_word' id='word_1_104' title='bbox 724 781 971 817; x_wconf 84' lang='lat' dir='ltr'>Hannibalem</span> <span class='ocrx_word' id='word_1_105' title='bbox 1007 782 1139 817; x_wconf 82' lang='lat' dir='ltr'>fefellit</span> <span class='ocrx_word' id='word_1_106' title='bbox 1173 794 1261 818; x_wconf 88' lang='lat' dir='ltr'>curn</span> <span class='ocrx_word' id='word_1_107' title='bbox 1293 783 1392 818; x_wconf 84' lang='lat' dir='ltr'>duce</span> 
     </span>
     <span class='ocr_line' id='line_1_15' title="bbox 116 829 1390 876; baseline -0.001 -10"><span class='ocrx_word' id='word_1_108' title='bbox 116 836 300 866; x_wconf 89' lang='lat' dir='ltr'>mutatam</span> <span class='ocrx_word' id='word_1_109' title='bbox 329 841 413 866; x_wconf 78' lang='lat' dir='ltr'>esse</span> <span class='ocrx_word' id='word_1_110' title='bbox 442 829 530 865; x_wconf 90' lang='lat' dir='ltr'>belli</span> <span class='ocrx_word' id='word_1_111' title='bbox 563 830 752 874; x_wconf 84' lang='lat' dir='ltr'>rationem,</span> <span class='ocrx_word' id='word_1_112' title='bbox 781 837 818 864; x_wconf 91' lang='lat' dir='ltr'>et</span> <span class='ocrx_word' id='word_1_113' title='bbox 846 830 1006 865; x_wconf 86' lang='lat' dir='ltr'>ferocius</span> <span class='ocrx_word' id='word_1_114' title='bbox 1032 841 1147 876; x_wconf 86' lang='lat' dir='ltr'>quam</span> <span class='ocrx_word' id='word_1_115' title='bbox 1174 830 1390 865; x_wconf 81' lang='lat' dir='ltr'>consultius¹</span> 
     </span>
     <span class='ocr_line' id='line_1_16' title="bbox 117 877 1391 925; baseline -0.001 -11"><span class='ocrx_word' id='word_1_116' title='bbox 117 890 194 914; x_wconf 85' lang='lat' dir='ltr'>rem</span> <span class='ocrx_word' id='word_1_117' title='bbox 222 877 349 914; x_wconf 81' lang='lat' dir='ltr'>hostes</span> <span class='ocrx_word' id='word_1_118' title='bbox 373 884 554 925; x_wconf 84' lang='lat' dir='ltr'>gesturos.</span> <span class='ocrx_word' id='word_1_119' title='bbox 606 877 690 924; x_wconf 76' lang='lat' dir='ltr'>Ipse</span> <span class='ocrx_word' id='word_1_120' title='bbox 723 885 861 923; x_wconf 86' lang='lat' dir='ltr'>autern,</span> <span class='ocrx_word' id='word_1_121' title='bbox 890 878 986 924; x_wconf 90' lang='lat' dir='ltr'>quod</span> <span class='ocrx_word' id='word_1_122' title='bbox 1023 878 1178 913; x_wconf 85' lang='lat' dir='ltr'>minime</span> <span class='ocrx_word' id='word_1_123' title='bbox 1205 879 1288 925; x_wconf 86' lang='lat' dir='ltr'>quis</span> <span class='ocrx_word' id='word_1_124' title='bbox 1313 890 1391 913; x_wconf 90' lang='lat' dir='ltr'>cre·</span> 
     </span>
     <span class='ocr_line' id='line_1_17' title="bbox 115 926 1391 974; baseline 0 -12"><span class='ocrx_word' id='word_1_125' title='bbox 115 926 233 974; x_wconf 84' lang='lat' dir='ltr'>deret,</span> <span class='ocrx_word' id='word_1_126' title='bbox 267 938 355 962; x_wconf 87' lang='lat' dir='ltr'>cum</span> <span class='ocrx_word' id='word_1_127' title='bbox 391 926 506 962; x_wconf 80' lang='lat' dir='ltr'>hostis</span> <span class='ocrx_word' id='word_1_128' title='bbox 539 936 687 972; x_wconf 83' lang='lat' dir='ltr'>propius</span> <span class='ocrx_word' id='word_1_129' title='bbox 722 933 831 971; x_wconf 79' lang='lat' dir='ltr'>esset,</span> <span class='ocrx_word' id='word_1_130' title='bbox 870 928 1015 961; x_wconf 81' lang='lat' dir='ltr'>tertiam</span> <span class='ocrx_word' id='word_1_131' title='bbox 1051 933 1194 973; x_wconf 87' lang='lat' dir='ltr'>partem</span> <span class='ocrx_word' id='word_1_132' title='bbox 1231 926 1391 962; x_wconf 86' lang='lat' dir='ltr'>militum</span> 
     </span>
     <span class='ocr_line' id='line_1_18' title="bbox 115 973 1392 1021; baseline -0.001 -10"><span class='ocrx_word' id='word_1_133' title='bbox 115 974 394 1021; x_wconf 86' lang='lat' dir='ltr'>frumentatum,</span> <span class='ocrx_word' id='word_1_134' title='bbox 413 973 559 1009; x_wconf 89' lang='lat' dir='ltr'>duabus</span> <span class='ocrx_word' id='word_1_135' title='bbox 578 973 614 1008; x_wconf 87' lang='lat' dir='ltr'>in</span> <span class='ocrx_word' id='word_1_136' title='bbox 632 973 763 1009; x_wconf 87' lang='lat' dir='ltr'>castris</span> <span class='ocrx_word' id='word_1_137' title='bbox 783 975 945 1015; x_wconf 75' lang='lat' dir='ltr'>retentis,</span> <span class='ocrx_word' id='word_1_138' title='bbox 965 974 1106 1010; x_wconf 80' lang='lat' dir='ltr'>dimisit</span> <span class='ocrx_word' id='word_1_139' title='bbox 1124 986 1132 1019; x_wconf 68' lang='grc' dir='ltr'><strong><em>ς</em></strong></span> <span class='ocrx_word' id='word_1_140' title='bbox 1159 974 1246 1009; x_wconf 91' lang='lat' dir='ltr'>dein</span> <span class='ocrx_word' id='word_1_141' title='bbox 1270 982 1392 1010; x_wconf 84' lang='lat' dir='ltr'>castra</span> 
     </span>
     <span class='ocr_line' id='line_1_19' title="bbox 115 1021 1375 1071; baseline 0 -14"><span class='ocrx_word' id='word_1_142' title='bbox 115 1024 196 1070; x_wconf 74' lang='lat' dir='ltr'>ipsa</span> <span class='ocrx_word' id='word_1_143' title='bbox 228 1024 377 1071; x_wconf 82' lang='lat' dir='ltr'>propius</span> <span class='ocrx_word' id='word_1_144' title='bbox 410 1021 573 1058; x_wconf 67' lang='lat' dir='ltr'>hostem¹</span> <span class='ocrx_word' id='word_1_145' title='bbox 607 1022 733 1067; x_wconf 87' lang='lat' dir='ltr'>movit,</span> <span class='ocrx_word' id='word_1_146' title='bbox 769 1023 842 1057; x_wconf 92' lang='lat' dir='ltr'>duo</span> <span class='ocrx_word' id='word_1_147' title='bbox 878 1022 995 1057; x_wconf 87' lang='lat' dir='ltr'>ferme</span> <span class='ocrx_word' id='word_1_148' title='bbox 1029 1034 1051 1057; x_wconf 83' lang='lat' dir='ltr'>a</span> <span class='ocrx_word' id='word_1_149' title='bbox 1078 1023 1238 1057; x_wconf 90' lang='lat' dir='ltr'>Geronio</span> <span class='ocrx_word' id='word_1_150' title='bbox 1273 1022 1375 1057; x_wconf 88' lang='lat' dir='ltr'>milia</span> 
     </span>
     <span class='ocr_line' id='line_1_20' title="bbox 116 1070 1307 1116; baseline -0.002 -9"><span class='ocrx_word' id='word_1_151' title='bbox 116 1071 152 1107; x_wconf 90' lang='lat' dir='ltr'>in</span> <span class='ocrx_word' id='word_1_152' title='bbox 179 1071 366 1107; x_wconf 85' lang='lat' dir='ltr'>tumulum</span> <span class='ocrx_word' id='word_1_153' title='bbox 393 1071 488 1106; x_wconf 89' lang='lat' dir='ltr'>hosti</span> <span class='ocrx_word' id='word_1_154' title='bbox 515 1077 768 1116; x_wconf 74' lang='lat' dir='ltr'>conspectum,</span> <span class='ocrx_word' id='word_1_155' title='bbox 798 1077 837 1105; x_wconf 91' lang='lat' dir='ltr'>ut</span> <span class='ocrx_word' id='word_1_156' title='bbox 868 1070 1050 1106; x_wconf 83' lang='lat' dir='ltr'>intentum</span> <span class='ocrx_word' id='word_1_157' title='bbox 1081 1071 1191 1104; x_wconf 80' lang='lat' dir='ltr'>sciret</span> <span class='ocrx_word' id='word_1_158' title='bbox 1222 1080 1307 1105; x_wconf 79' lang='lat' dir='ltr'>esse</span> 
     </span>
     <span class='ocr_line' id='line_1_21' title="bbox 115 1115 1388 1165; baseline 0 -11"><span class='ocrx_word' id='word_1_159' title='bbox 115 1115 412 1165; x_wconf 65' lang='lat' dir='ltr'>frumentatores,</span> <span class='ocrx_word' id='word_1_160' title='bbox 441 1118 471 1154; x_wconf 84' lang='lat' dir='ltr'>si</span> <span class='ocrx_word' id='word_1_161' title='bbox 499 1129 572 1165; x_wconf 86' lang='lat' dir='ltr'>qua</span> <span class='ocrx_word' id='word_1_162' title='bbox 599 1118 655 1151; x_wconf 85' lang='lat' dir='ltr'>vis</span> <span class='ocrx_word' id='word_1_163' title='bbox 683 1118 799 1164; x_wconf 81' lang='lat' dir='ltr'>fieret,</span> <span class='ocrx_word' id='word_1_164' title='bbox 830 1118 1013 1152; x_wconf 85' lang='lat' dir='ltr'>tutandos.</span> <span class='ocrx_word' id='word_1_165' title='bbox 1066 1118 1214 1164; x_wconf 86' lang='lat' dir='ltr'>Propior</span> <span class='ocrx_word' id='word_1_166' title='bbox 1241 1117 1327 1154; x_wconf 90' lang='lat' dir='ltr'>inde</span> <span class='ocrx_word' id='word_1_167' title='bbox 1353 1120 1388 1154; x_wconf 91' lang='lat' dir='ltr'>ei</span> 
     </span>
     <span class='ocr_line' id='line_1_22' title="bbox 114 1166 1389 1214; baseline 0 -12"><span class='ocrx_word' id='word_1_168' title='bbox 114 1173 228 1214; x_wconf 83' lang='lat' dir='ltr'>atque</span> <span class='ocrx_word' id='word_1_169' title='bbox 255 1167 344 1213; x_wconf 82' lang='lat' dir='ltr'>ipsis</span> <span class='ocrx_word' id='word_1_170' title='bbox 368 1167 568 1202; x_wconf 86' lang='lat' dir='ltr'>imminens</span> <span class='ocrx_word' id='word_1_171' title='bbox 593 1166 840 1200; x_wconf 89' lang='lat' dir='ltr'>Romanorum</span> <span class='ocrx_word' id='word_1_172' title='bbox 864 1166 995 1200; x_wconf 83' lang='lat' dir='ltr'>castris</span> <span class='ocrx_word' id='word_1_173' title='bbox 1013 1167 1179 1201; x_wconf 86' lang='lat' dir='ltr'>tumulus</span> <span class='ocrx_word' id='word_1_174' title='bbox 1195 1167 1389 1214; x_wconf 80' lang='lat' dir='ltr'>apparuit;</span> 
     </span>
     <span class='ocr_line' id='line_1_23' title="bbox 114 1213 1389 1262; baseline -0.001 -11"><span class='ocrx_word' id='word_1_175' title='bbox 114 1215 161 1250; x_wconf 88' lang='lat' dir='ltr'>ad</span> <span class='ocrx_word' id='word_1_176' title='bbox 179 1226 294 1262; x_wconf 88' lang='lat' dir='ltr'>quem</span> <span class='ocrx_word' id='word_1_177' title='bbox 312 1214 538 1261; x_wconf 85' lang='lat' dir='ltr'>capiendum</span> <span class='ocrx_word' id='word_1_178' title='bbox 564 1214 593 1248; x_wconf 82' lang='lat' dir='ltr'>si</span> <span class='ocrx_word' id='word_1_179' title='bbox 623 1213 705 1248; x_wconf 85' lang='lat' dir='ltr'>luce</span> <span class='ocrx_word' id='word_1_180' title='bbox 734 1213 857 1258; x_wconf 82' lang='lat' dir='ltr'>palam</span> <span class='ocrx_word' id='word_1_181' title='bbox 885 1214 1006 1259; x_wconf 81' lang='lat' dir='ltr'>iretur,</span> <span class='ocrx_word' id='word_1_182' title='bbox 1036 1216 1122 1260; x_wconf 89' lang='lat' dir='ltr'>quia</span> <span class='ocrx_word' id='word_1_183' title='bbox 1149 1214 1246 1250; x_wconf 86' lang='lat' dir='ltr'>haud</span> <span class='ocrx_word' id='word_1_184' title='bbox 1274 1215 1389 1250; x_wconf 85' lang='lat' dir='ltr'>dubie</span> 
     </span>
     <span class='ocr_line' id='line_1_24' title="bbox 115 1261 1388 1307; baseline -0.001 -8"><span class='ocrx_word' id='word_1_185' title='bbox 115 1262 233 1299; x_wconf 79' lang='lat' dir='ltr'>hostis</span> <span class='ocrx_word' id='word_1_186' title='bbox 257 1262 425 1298; x_wconf 88' lang='lat' dir='ltr'>breviore</span> <span class='ocrx_word' id='word_1_187' title='bbox 444 1262 504 1296; x_wconf 87' lang='lat' dir='ltr'>via</span> <span class='ocrx_word' id='word_1_188' title='bbox 530 1268 795 1307; x_wconf 80' lang='lat' dir='ltr'>praeventurus</span> <span class='ocrx_word' id='word_1_189' title='bbox 812 1268 900 1307; x_wconf 84' lang='lat' dir='ltr'>erat,</span> <span class='ocrx_word' id='word_1_190' title='bbox 922 1269 1028 1297; x_wconf 91' lang='lat' dir='ltr'>nocte</span> <span class='ocrx_word' id='word_1_191' title='bbox 1055 1261 1152 1297; x_wconf 91' lang='lat' dir='ltr'>clam</span> <span class='ocrx_word' id='word_1_192' title='bbox 1180 1263 1286 1298; x_wconf 84' lang='lat' dir='ltr'>missi</span> <span class='ocrx_word' id='word_1_193' title='bbox 1312 1263 1388 1298; x_wconf 93' lang='lat' dir='ltr'>Nu-</span> 
     </span>
     <span class='ocr_line' id='line_1_25' title="bbox 114 1309 1388 1358; baseline -0.002 -11"><span class='ocrx_word' id='word_1_194' title='bbox 114 1310 240 1347; x_wconf 87' lang='lat' dir='ltr'>midae</span> <span class='ocrx_word' id='word_1_195' title='bbox 273 1316 463 1358; x_wconf 89' lang='lat' dir='ltr'>ceperunt.</span> <span class='ocrx_word' id='word_1_196' title='bbox 514 1309 614 1348; x_wconf 86' lang='lat' dir='ltr'>Quos</span> <span class='ocrx_word' id='word_1_197' title='bbox 648 1315 817 1344; x_wconf 80' lang='lat' dir='ltr'>tenentes</span> <span class='ocrx_word' id='word_1_198' title='bbox 852 1309 972 1345; x_wconf 90' lang='lat' dir='ltr'>locum</span> <span class='ocrx_word' id='word_1_199' title='bbox 1008 1317 1220 1358; x_wconf 88' lang='lat' dir='ltr'>contempta</span> <span class='ocrx_word' id='word_1_200' title='bbox 1263 1311 1388 1357; x_wconf 84' lang='lat' dir='ltr'>pauci-</span> 
     </span>
     <span class='ocr_line' id='line_1_26' title="bbox 115 1357 1387 1406; baseline -0.001 -11"><span class='ocrx_word' id='word_1_201' title='bbox 115 1366 191 1395; x_wconf 86' lang='lat' dir='ltr'>tate</span> <span class='ocrx_word' id='word_1_202' title='bbox 213 1358 369 1395; x_wconf 88' lang='lat' dir='ltr'>Romani</span> <span class='ocrx_word' id='word_1_203' title='bbox 397 1364 540 1406; x_wconf 84' lang='lat' dir='ltr'>postero</span> <span class='ocrx_word' id='word_1_204' title='bbox 565 1357 626 1392; x_wconf 89' lang='lat' dir='ltr'>die</span> <span class='ocrx_word' id='word_1_205' title='bbox 652 1368 737 1392; x_wconf 85' lang='lat' dir='ltr'>curn</span> <span class='ocrx_word' id='word_1_206' title='bbox 757 1357 994 1404; x_wconf 83' lang='lat' dir='ltr'>dejecissent,</span> <span class='ocrx_word' id='word_1_207' title='bbox 1016 1359 1081 1405; x_wconf 87' lang='lat' dir='ltr'>ipsi</span> <span class='ocrx_word' id='word_1_208' title='bbox 1102 1369 1146 1393; x_wconf 91' lang='lat' dir='ltr'>eo</span> <span class='ocrx_word' id='word_1_209' title='bbox 1167 1358 1387 1394; x_wconf 84' lang='lat' dir='ltr'>transferunt</span> 
     </span>
     <span class='ocr_line' id='line_1_27' title="bbox 114 1405 1386 1453; baseline -0.002 -9"><span class='ocrx_word' id='word_1_210' title='bbox 114 1412 246 1444; x_wconf 79' lang='lat' dir='ltr'>castra.</span> <span class='ocrx_word' id='word_1_211' title='bbox 312 1407 410 1442; x_wconf 89' lang='lat' dir='ltr'>Tum</span> <span class='ocrx_word' id='word_1_212' title='bbox 453 1407 589 1452; x_wconf 86' lang='lat' dir='ltr'>itaque,</span> <span class='ocrx_word' id='word_1_213' title='bbox 625 1412 663 1440; x_wconf 90' lang='lat' dir='ltr'>ut</span> <span class='ocrx_word' id='word_1_214' title='bbox 706 1405 882 1451; x_wconf 79' lang='lat' dir='ltr'>exiguum</span> <span class='ocrx_word' id='word_1_215' title='bbox 918 1407 1024 1453; x_wconf 89' lang='lat' dir='ltr'>spatii</span> <span class='ocrx_word' id='word_1_216' title='bbox 1060 1406 1199 1442; x_wconf 81' lang='lat' dir='ltr'>vallum</span> <span class='ocrx_word' id='word_1_217' title='bbox 1232 1419 1255 1441; x_wconf 95' lang='lat' dir='ltr'>a</span> <span class='ocrx_word' id='word_1_218' title='bbox 1289 1407 1386 1442; x_wconf 85' lang='lat' dir='ltr'>vallo</span> 
     </span>
     <span class='ocr_line' id='line_1_28' title="bbox 113 1454 1387 1503; baseline -0.002 -11"><span class='ocrx_word' id='word_1_219' title='bbox 113 1455 271 1503; x_wconf 79' lang='lat' dir='ltr'>aberat‚⁵</span> <span class='ocrx_word' id='word_1_220' title='bbox 303 1464 340 1490; x_wconf 88' lang='lat' dir='ltr'>et</span> <span class='ocrx_word' id='word_1_221' title='bbox 375 1455 412 1490; x_wconf 91' lang='lat' dir='ltr'>id</span> <span class='ocrx_word' id='word_1_222' title='bbox 448 1454 571 1501; x_wconf 86' lang='lat' dir='ltr'>ipsum</span> <span class='ocrx_word' id='word_1_223' title='bbox 614 1460 730 1488; x_wconf 90' lang='lat' dir='ltr'>totum</span> <span class='ocrx_word' id='word_1_224' title='bbox 773 1465 884 1500; x_wconf 87' lang='lat' dir='ltr'>prope</span> <span class='ocrx_word' id='word_1_225' title='bbox 929 1454 1179 1501; x_wconf 86' lang='lat' dir='ltr'>compleverat</span> <span class='ocrx_word' id='word_1_226' title='bbox 1221 1455 1387 1491; x_wconf 88' lang='lat' dir='ltr'>Romana</span> 
     </span>
     <span class='ocr_line' id='line_1_29' title="bbox 113 1502 1385 1550; baseline 0 -11"><span class='ocrx_word' id='word_1_227' title='bbox 113 1504 224 1550; x_wconf 81' lang='lat' dir='ltr'>acies,</span> <span class='ocrx_word' id='word_1_228' title='bbox 243 1502 354 1540; x_wconf 83' lang='lat' dir='ltr'>simul</span> <span class='ocrx_word' id='word_1_229' title='bbox 380 1509 417 1538; x_wconf 90' lang='lat' dir='ltr'>et</span> <span class='ocrx_word' id='word_1_230' title='bbox 443 1513 508 1550; x_wconf 90' lang='lat' dir='ltr'>per</span> <span class='ocrx_word' id='word_1_231' title='bbox 532 1513 664 1536; x_wconf 88' lang='lat' dir='ltr'>aversa</span> <span class='ocrx_word' id='word_1_232' title='bbox 689 1504 823 1536; x_wconf 77' lang='lat' dir='ltr'>castra⁴</span> <span class='ocrx_word' id='word_1_233' title='bbox 849 1513 872 1536; x_wconf 90' lang='lat' dir='ltr'>a</span> <span class='ocrx_word' id='word_1_234' title='bbox 897 1503 1026 1537; x_wconf 85' lang='lat' dir='ltr'>castris</span> <span class='ocrx_word' id='word_1_235' title='bbox 1048 1502 1265 1538; x_wconf 86' lang='lat' dir='ltr'>Hannibalis</span> <span class='ocrx_word' id='word_1_236' title='bbox 1281 1503 1385 1550; x_wconf 90' lang='lat' dir='ltr'>equi·</span> 
     </span>
     <span class='ocr_line' id='line_1_30' title="bbox 113 1550 1385 1588; baseline -0.002 0"><span class='ocrx_word' id='word_1_237' title='bbox 113 1558 211 1588; x_wconf 81' lang='lat' dir='ltr'>tatus</span> <span class='ocrx_word' id='word_1_238' title='bbox 244 1563 332 1587; x_wconf 85' lang='lat' dir='ltr'>curn</span> <span class='ocrx_word' id='word_1_239' title='bbox 374 1550 446 1586; x_wconf 89' lang='lat' dir='ltr'>levi</span> <span class='ocrx_word' id='word_1_240' title='bbox 487 1556 673 1585; x_wconf 87' lang='lat' dir='ltr'>armatura</span> <span class='ocrx_word' id='word_1_241' title='bbox 714 1550 874 1584; x_wconf 86' lang='lat' dir='ltr'>emissus</span> <span class='ocrx_word' id='word_1_242' title='bbox 915 1550 959 1585; x_wconf 87' lang='lat' dir='ltr'>in</span> <span class='ocrx_word' id='word_1_243' title='bbox 995 1550 1278 1586; x_wconf 79' lang='lat' dir='ltr'>frumentatores</span> <span class='ocrx_word' id='word_1_244' title='bbox 1310 1551 1385 1586; x_wconf 88' lang='lat' dir='ltr'>late</span> 
     </span>
     <span class='ocr_line' id='line_1_31' title="bbox 112 1597 1384 1645; baseline -0.001 -10"><span class='ocrx_word' id='word_1_245' title='bbox 112 1599 270 1635; x_wconf 87' lang='lat' dir='ltr'>caedem</span> <span class='ocrx_word' id='word_1_246' title='bbox 289 1599 490 1645; x_wconf 80' lang='lat' dir='ltr'>fugamque</span> <span class='ocrx_word' id='word_1_247' title='bbox 517 1597 676 1632; x_wconf 87' lang='lat' dir='ltr'>hostium</span> <span class='ocrx_word' id='word_1_248' title='bbox 704 1597 909 1644; x_wconf 89' lang='lat' dir='ltr'>palatorum</span> <span class='ocrx_word' id='word_1_249' title='bbox 938 1597 1039 1632; x_wconf 83' lang='lat' dir='ltr'>fecit.</span> <span class='ocrx_word' id='word_1_250' title='bbox 1092 1598 1173 1633; x_wconf 88' lang='lat' dir='ltr'>Nec</span> <span class='ocrx_word' id='word_1_251' title='bbox 1198 1599 1280 1633; x_wconf 90' lang='lat' dir='ltr'>acie</span> <span class='ocrx_word' id='word_1_252' title='bbox 1306 1610 1384 1634; x_wconf 88' lang='lat' dir='ltr'>cer-</span> 
     </span>
     <span class='ocr_line' id='line_1_32' title="bbox 113 1646 1384 1693; baseline -0.001 -10"><span class='ocrx_word' id='word_1_253' title='bbox 113 1654 191 1684; x_wconf 87' lang='lat' dir='ltr'>tare</span> <span class='ocrx_word' id='word_1_254' title='bbox 225 1646 406 1683; x_wconf 83' lang='lat' dir='ltr'>Hannibal</span> <span class='ocrx_word' id='word_1_255' title='bbox 439 1658 562 1692; x_wconf 81' lang='lat' dir='ltr'>ausus,</span> <span class='ocrx_word' id='word_1_256' title='bbox 597 1646 686 1692; x_wconf 89' lang='lat' dir='ltr'>quia</span> <span class='ocrx_word' id='word_1_257' title='bbox 728 1651 829 1680; x_wconf 85' lang='lat' dir='ltr'>tanta</span> <span class='ocrx_word' id='word_1_258' title='bbox 871 1646 1056 1691; x_wconf 84' lang='lat' dir='ltr'>paucitate</span> <span class='ocrx_word' id='word_1_259' title='bbox 1091 1646 1153 1681; x_wconf 81' lang='lat' dir='ltr'>vix</span> <span class='ocrx_word' id='word_1_260' title='bbox 1186 1653 1317 1693; x_wconf 85' lang='lat' dir='ltr'>castra,</span> <span class='ocrx_word' id='word_1_261' title='bbox 1352 1647 1384 1682; x_wconf 83' lang='lat' dir='ltr'>si</span> 
     </span>
     <span class='ocr_line' id='line_1_33' title="bbox 111 1693 1385 1747; baseline -0.001 -16"><span class='ocrx_word' id='word_1_262' title='bbox 111 1701 420 1747; x_wconf 86' lang='lat' dir='ltr'>oppugnarentur,</span> <span class='ocrx_word' id='word_1_263' title='bbox 449 1694 557 1729; x_wconf 89' lang='lat' dir='ltr'>tutari</span> <span class='ocrx_word' id='word_1_264' title='bbox 586 1700 740 1741; x_wconf 87' lang='lat' dir='ltr'>poterat.</span> <span class='ocrx_word' id='word_1_265' title='bbox 791 1694 950 1739; x_wconf 82' lang='lat' dir='ltr'>Jamque</span> <span class='ocrx_word' id='word_1_266' title='bbox 983 1693 1125 1729; x_wconf 88' lang='lat' dir='ltr'>artibus</span> <span class='ocrx_word' id='word_1_267' title='bbox 1152 1693 1294 1740; x_wconf 86' lang='lat' dir='ltr'>Fabii.(</span> <span class='ocrx_word' id='word_1_268' title='bbox 1350 1706 1385 1730; x_wconf 78' lang='lat' dir='ltr'>rs</span> 
     </span>
     <span class='ocr_line' id='line_1_34' title="bbox 111 1741 1383 1789; baseline -0.001 -9"><span class='ocrx_word' id='word_1_269' title='bbox 111 1745 299 1780; x_wconf 81' lang='lat' dir='ltr'>exercitus</span> <span class='ocrx_word' id='word_1_270' title='bbox 324 1743 481 1789; x_wconf 87' lang='lat' dir='ltr'>aberat),</span> <span class='ocrx_word' id='word_1_271' title='bbox 508 1742 584 1789; x_wconf 86' lang='lat' dir='ltr'>jam</span> <span class='ocrx_word' id='word_1_272' title='bbox 612 1742 730 1777; x_wconf 86' lang='lat' dir='ltr'>ferme</span> <span class='ocrx_word' id='word_1_273' title='bbox 757 1741 921 1776; x_wconf 86' lang='lat' dir='ltr'>sedendo</span> <span class='ocrx_word' id='word_1_274' title='bbox 948 1748 984 1776; x_wconf 88' lang='lat' dir='ltr'>et</span> <span class='ocrx_word' id='word_1_275' title='bbox 1011 1741 1216 1777; x_wconf 91' lang='lat' dir='ltr'>cunctando</span> <span class='ocrx_word' id='word_1_276' title='bbox 1242 1742 1383 1779; x_wconf 87' lang='lat' dir='ltr'>belum</span> 
     </span>
     <span class='ocr_line' id='line_1_35' title="bbox 109 1790 1385 1839; baseline -0.002 -11"><span class='ocrx_word' id='word_1_277' title='bbox 109 1792 274 1839; x_wconf 87' lang='lat' dir='ltr'>gerebat,</span> <span class='ocrx_word' id='word_1_278' title='bbox 295 1796 560 1838; x_wconf 88' lang='lat' dir='ltr'>receperatque</span> <span class='ocrx_word' id='word_1_279' title='bbox 578 1801 662 1825; x_wconf 83' lang='lat' dir='ltr'>suos</span> <span class='ocrx_word' id='word_1_280' title='bbox 681 1790 715 1824; x_wconf 92' lang='lat' dir='ltr'>in</span> <span class='ocrx_word' id='word_1_281' title='bbox 735 1790 851 1836; x_wconf 87' lang='lat' dir='ltr'>priora</span> <span class='ocrx_word' id='word_1_282' title='bbox 869 1791 1015 1835; x_wconf 84' lang='lat' dir='ltr'>castra‚⁵</span> <span class='ocrx_word' id='word_1_283' title='bbox 1034 1801 1130 1836; x_wconf 90' lang='lat' dir='ltr'>quae</span> <span class='ocrx_word' id='word_1_284' title='bbox 1155 1802 1217 1837; x_wconf 90' lang='lat' dir='ltr'>pro</span> <span class='ocrx_word' id='word_1_285' title='bbox 1235 1791 1385 1826; x_wconf 82' lang='lat' dir='ltr'>Geronii</span> 
     </span>
    </p>
   </div>
   <div class='ocr_carea' id='block_1_3' title="bbox 110 1868 1384 2238">
    <p class='ocr_par' dir='ltr' id='par_1_5' title="bbox 153 1868 1333 1909">
     <span class='ocr_line' id='line_1_36' title="bbox 153 1868 1333 1909; baseline -0.001 -6"><span class='ocrx_word' id='word_1_286' title='bbox 153 1874 161 1892; x_wconf 89' lang='lat'><em>¹</em></span> <span class='ocrx_word' id='word_1_287' title='bbox 179 1880 187 1890; x_wconf 92' lang='lat'><strong>·</strong></span> <span class='ocrx_word' id='word_1_288' title='bbox 201 1871 299 1903; x_wconf 86' lang='lat' dir='ltr'>With</span> <span class='ocrx_word' id='word_1_289' title='bbox 316 1881 407 1903; x_wconf 89' lang='lat' dir='ltr'>more</span> <span class='ocrx_word' id='word_1_290' title='bbox 425 1870 644 1909; x_wconf 79' lang='lat' dir='ltr'>impetuosity</span> <span class='ocrx_word' id='word_1_291' title='bbox 661 1869 742 1900; x_wconf 85' lang='lat' dir='ltr'>than</span> <span class='ocrx_word' id='word_1_292' title='bbox 758 1868 955 1900; x_wconf 86' lang='lat' dir='ltr'>retlection.’</span> <span class='ocrx_word' id='word_1_293' title='bbox 1005 1869 1117 1901; x_wconf 82' lang='lat' dir='ltr'>Gram.</span> <span class='ocrx_word' id='word_1_294' title='bbox 1136 1869 1154 1904; x_wconf 54' lang='grc' dir='ltr'>ὑ</span> <span class='ocrx_word' id='word_1_295' title='bbox 1170 1872 1224 1907; x_wconf 86' lang='grc'>89,</span> <span class='ocrx_word' id='word_1_296' title='bbox 1244 1877 1333 1902; x_wconf 88' lang='lat' dir='ltr'>note.</span> 
     </span>
    </p>

    <p class='ocr_par' dir='ltr' id='par_1_6' title="bbox 110 1909 1382 1992">
     <span class='ocr_line' id='line_1_37' title="bbox 149 1909 1382 1950; baseline -0.001 -6"><span class='ocrx_word' id='word_1_297' title='bbox 149 1915 163 1934; x_wconf 79' lang='lat'><strong>¹</strong></span> <span class='ocrx_word' id='word_1_298' title='bbox 177 1912 242 1944; x_wconf 86' lang='lat' dir='ltr'>See</span> <span class='ocrx_word' id='word_1_299' title='bbox 262 1912 374 1944; x_wconf 81' lang='lat' dir='ltr'>Grnm.</span> <span class='ocrx_word' id='word_1_300' title='bbox 392 1911 410 1945; x_wconf 53' lang='grc' dir='ltr'>ᾗ</span> <span class='ocrx_word' id='word_1_301' title='bbox 427 1914 500 1947; x_wconf 81' lang='lat'>255,</span> <span class='ocrx_word' id='word_1_302' title='bbox 521 1919 598 1942; x_wconf 90' lang='lat' dir='ltr'>note</span> <span class='ocrx_word' id='word_1_303' title='bbox 622 1913 651 1941; x_wconf 86' lang='lat'>2.</span> <span class='ocrx_word' id='word_1_304' title='bbox 699 1909 866 1941; x_wconf 84' lang='lat' dir='ltr'>Hannibal</span> <span class='ocrx_word' id='word_1_305' title='bbox 890 1917 1003 1941; x_wconf 87' lang='lat' dir='ltr'>meant</span> <span class='ocrx_word' id='word_1_306' title='bbox 1027 1911 1072 1950; x_wconf 89' lang='lat' dir='ltr'>by</span> <span class='ocrx_word' id='word_1_307' title='bbox 1096 1910 1169 1943; x_wconf 67' lang='lat' dir='ltr'>this</span> <span class='ocrx_word' id='word_1_308' title='bbox 1188 1918 1382 1943; x_wconf 80' lang='lat' dir='ltr'>movement</span> 
     </span>
     <span class='ocr_line' id='line_1_38' title="bbox 110 1950 1319 1992; baseline -0.001 -7"><span class='ocrx_word' id='word_1_309' title='bbox 110 1961 146 1986; x_wconf 86' lang='lat' dir='ltr'>to</span> <span class='ocrx_word' id='word_1_310' title='bbox 161 1953 257 1985; x_wconf 87' lang='lat' dir='ltr'>deter</span> <span class='ocrx_word' id='word_1_311' title='bbox 273 1953 330 1984; x_wconf 88' lang='lat' dir='ltr'>the</span> <span class='ocrx_word' id='word_1_312' title='bbox 349 1952 499 1984; x_wconf 89' lang='lat' dir='ltr'>Romans</span> <span class='ocrx_word' id='word_1_313' title='bbox 516 1951 599 1982; x_wconf 90' lang='lat' dir='ltr'>from</span> <span class='ocrx_word' id='word_1_314' title='bbox 617 1950 755 1990; x_wconf 81' lang='lat' dir='ltr'>making</span> <span class='ocrx_word' id='word_1_315' title='bbox 772 1961 837 1990; x_wconf 85' lang='lat' dir='ltr'>any</span> <span class='ocrx_word' id='word_1_316' title='bbox 853 1951 968 1982; x_wconf 87' lang='lat' dir='ltr'>attack</span> <span class='ocrx_word' id='word_1_317' title='bbox 985 1961 1072 1991; x_wconf 85' lang='lat' dir='ltr'>upon</span> <span class='ocrx_word' id='word_1_318' title='bbox 1091 1952 1143 1983; x_wconf 83' lang='lat' dir='ltr'>his</span> <span class='ocrx_word' id='word_1_319' title='bbox 1160 1951 1319 1992; x_wconf 75' lang='lat' dir='ltr'>foragers.</span> 
     </span>
    </p>

    <p class='ocr_par' dir='ltr' id='par_1_7' title="bbox 110 1991 1384 2238">
     <span class='ocr_line' id='line_1_39' title="bbox 151 1991 1384 2033; baseline 0 -9"><span class='ocrx_word' id='word_1_320' title='bbox 151 1995 164 2014; x_wconf 78' lang='lat'><strong>³</strong></span> <span class='ocrx_word' id='word_1_321' title='bbox 179 1999 188 2010; x_wconf 76' lang='lat'><strong>⁶</strong></span> <span class='ocrx_word' id='word_1_322' title='bbox 201 1994 254 2024; x_wconf 80' lang='lat' dir='ltr'>Aa</span> <span class='ocrx_word' id='word_1_323' title='bbox 270 1993 327 2025; x_wconf 87' lang='lat' dir='ltr'>the</span> <span class='ocrx_word' id='word_1_324' title='bbox 344 2000 488 2032; x_wconf 85' lang='lat' dir='ltr'>rampart</span> <span class='ocrx_word' id='word_1_325' title='bbox 506 1991 544 2023; x_wconf 90' lang='lat' dir='ltr'>of</span> <span class='ocrx_word' id='word_1_326' title='bbox 562 1992 618 2022; x_wconf 87' lang='lat' dir='ltr'>the</span> <span class='ocrx_word' id='word_1_327' title='bbox 642 2001 704 2022; x_wconf 86' lang='lat' dir='ltr'>one</span> <span class='ocrx_word' id='word_1_328' title='bbox 728 2001 825 2030; x_wconf 86' lang='lat' dir='ltr'>camp</span> <span class='ocrx_word' id='word_1_329' title='bbox 843 2002 911 2023; x_wconf 89' lang='lat' dir='ltr'>was</span> <span class='ocrx_word' id='word_1_330' title='bbox 935 1992 994 2023; x_wconf 88' lang='lat' dir='ltr'>but</span> <span class='ocrx_word' id='word_1_331' title='bbox 1018 2003 1037 2024; x_wconf 91' lang='lat' dir='ltr'>a</span> <span class='ocrx_word' id='word_1_332' title='bbox 1061 1992 1145 2024; x_wconf 89' lang='lat' dir='ltr'>little</span> <span class='ocrx_word' id='word_1_333' title='bbox 1163 2003 1237 2033; x_wconf 84' lang='lat' dir='ltr'>way</span> <span class='ocrx_word' id='word_1_334' title='bbox 1255 1992 1384 2025; x_wconf 85' lang='lat' dir='ltr'>distant.</span> 
     </span>
     <span class='ocr_line' id='line_1_40' title="bbox 111 2032 1380 2081; baseline -0.001 -15"><span class='ocrx_word' id='word_1_335' title='bbox 111 2034 196 2081; x_wconf 77' lang='lat' dir='ltr'>from</span> <span class='ocrx_word' id='word_1_336' title='bbox 211 2033 282 2065; x_wconf 86' lang='lat' dir='ltr'>that</span> <span class='ocrx_word' id='word_1_337' title='bbox 300 2032 338 2065; x_wconf 91' lang='lat' dir='ltr'>of</span> <span class='ocrx_word' id='word_1_338' title='bbox 349 2033 406 2064; x_wconf 86' lang='lat' dir='ltr'>the</span> <span class='ocrx_word' id='word_1_339' title='bbox 422 2033 519 2064; x_wconf 88' lang='lat' dir='ltr'>other</span> <span class='ocrx_word' id='word_1_340' title='bbox 531 2032 552 2063; x_wconf 88' lang='lat'>:’</span> <span class='ocrx_word' id='word_1_341' title='bbox 573 2034 725 2073; x_wconf 66' lang='lat' dir='ltr'>exiguum</span> <span class='ocrx_word' id='word_1_342' title='bbox 741 2033 886 2073; x_wconf 80' lang='lat' dir='ltr'>spatii:</span> <span class='ocrx_word' id='word_1_343' title='bbox 903 2034 1056 2075; x_wconf 64' lang='lat' dir='ltr'>exiguum</span> <span class='ocrx_word' id='word_1_344' title='bbox 1071 2035 1226 2075; x_wconf 73' lang='lat' dir='ltr'>spatium,</span> <span class='ocrx_word' id='word_1_345' title='bbox 1246 2033 1380 2066; x_wconf 85' lang='lat' dir='ltr'>accord·</span> 
     </span>
     <span class='ocr_line' id='line_1_41' title="bbox 111 2073 1382 2156; baseline -0.001 -9"><span class='ocrx_word' id='word_1_346' title='bbox 111 2086 168 2135; x_wconf 49' lang='lat' dir='ltr'>mg</span> <span class='ocrx_word' id='word_1_347' title='bbox 175 2073 619 2147; x_wconf 43' lang='grc' dir='ltr'>ῗσίνὲεῗὲαὖεῖζῗὲαἱῗὲἑῗ</span> <span class='ocrx_word' id='word_1_348' title='bbox 631 2075 670 2149; x_wconf 48' lang='lat' dir='ltr'>i}</span> <span class='ocrx_word' id='word_1_349' title='bbox 685 2125 746 2155; x_wconf 82' lang='lat' dir='ltr'>per</span> <span class='ocrx_word' id='word_1_350' title='bbox 759 2125 908 2146; x_wconf 76' lang='lat' dir='ltr'>aversam</span> <span class='ocrx_word' id='word_1_351' title='bbox 926 2120 1053 2156; x_wconf 78' lang='lat' dir='ltr'>portem</span> <span class='ocrx_word' id='word_1_352' title='bbox 1067 2121 1135 2147; x_wconf 74' lang='lat' dir='ltr'>mu</span> <span class='ocrx_word' id='word_1_353' title='bbox 1142 2126 1249 2146; x_wconf 83' lang='lat' dir='ltr'>rorum</span> <span class='ocrx_word' id='word_1_354' title='bbox 1260 2129 1303 2136; x_wconf 89' lang='lat'><strong>—</strong></span> <span class='ocrx_word' id='word_1_355' title='bbox 1315 2118 1323 2131; x_wconf 89' lang='lat'>¹</span> <span class='ocrx_word' id='word_1_356' title='bbox 1336 2115 1382 2155; x_wconf 81' lang='lat' dir='ltr'>by</span> 
     </span>
     <span class='ocr_line' id='line_1_42' title="bbox 110 2153 1380 2195; baseline -0.001 -7"><span class='ocrx_word' id='word_1_357' title='bbox 110 2155 184 2188; x_wconf 82' lang='lat' dir='ltr'>that</span> <span class='ocrx_word' id='word_1_358' title='bbox 211 2154 282 2187; x_wconf 86' lang='lat' dir='ltr'>side</span> <span class='ocrx_word' id='word_1_359' title='bbox 309 2154 347 2186; x_wconf 85' lang='lat' dir='ltr'>of</span> <span class='ocrx_word' id='word_1_360' title='bbox 365 2154 421 2186; x_wconf 87' lang='lat' dir='ltr'>the</span> <span class='ocrx_word' id='word_1_361' title='bbox 449 2164 545 2193; x_wconf 86' lang='lat' dir='ltr'>camp</span> <span class='ocrx_word' id='word_1_362' title='bbox 569 2153 679 2185; x_wconf 89' lang='lat' dir='ltr'>which</span> <span class='ocrx_word' id='word_1_363' title='bbox 703 2165 773 2185; x_wconf 89' lang='lat' dir='ltr'>was</span> <span class='ocrx_word' id='word_1_364' title='bbox 801 2154 920 2186; x_wconf 88' lang='lat' dir='ltr'>turned</span> <span class='ocrx_word' id='word_1_365' title='bbox 948 2165 1043 2195; x_wconf 86' lang='lat' dir='ltr'>away</span> <span class='ocrx_word' id='word_1_366' title='bbox 1061 2155 1145 2187; x_wconf 91' lang='lat' dir='ltr'>from</span> <span class='ocrx_word' id='word_1_367' title='bbox 1175 2154 1380 2188; x_wconf 80' lang='lat' dir='ltr'>Hannibal&#39;a</span> 
     </span>
     <span class='ocr_line' id='line_1_43' title="bbox 110 2194 1380 2238; baseline 0 -9"><span class='ocrx_word' id='word_1_368' title='bbox 110 2196 232 2236; x_wconf 85' lang='lat' dir='ltr'>camp.’</span> <span class='ocrx_word' id='word_1_369' title='bbox 291 2194 361 2227; x_wconf 86' lang='lat' dir='ltr'>Per</span> <span class='ocrx_word' id='word_1_370' title='bbox 388 2195 418 2227; x_wconf 88' lang='lat' dir='ltr'>is</span> <span class='ocrx_word' id='word_1_371' title='bbox 446 2194 531 2227; x_wconf 87' lang='lat' dir='ltr'>used</span> <span class='ocrx_word' id='word_1_372' title='bbox 560 2194 704 2226; x_wconf 84' lang='lat' dir='ltr'>because</span> <span class='ocrx_word' id='word_1_373' title='bbox 734 2195 890 2236; x_wconf 86' lang='lat' dir='ltr'>properly</span> <span class='ocrx_word' id='word_1_374' title='bbox 916 2208 976 2238; x_wconf 82' lang='lat' dir='ltr'>per</span> <span class='ocrx_word' id='word_1_375' title='bbox 1008 2202 1138 2237; x_wconf 75' lang='lat' dir='ltr'>portam</span> <span class='ocrx_word' id='word_1_376' title='bbox 1173 2207 1322 2228; x_wconf 73' lang='lat' dir='ltr'>aversam</span> <span class='ocrx_word' id='word_1_377' title='bbox 1350 2195 1380 2229; x_wconf 77' lang='lat' dir='ltr'>is</span> 
     </span>
    </p>
   </div>
   <div class='ocr_carea' id='block_1_4' title="bbox 110 2242 1380 2432">
    <p class='ocr_par' dir='ltr' id='par_1_8' title="bbox 110 2242 235 2270">
     <span class='ocr_line' id='line_1_44' title="bbox 110 2242 235 2270; baseline -0.016 0"><span class='ocrx_word' id='word_1_378' title='bbox 110 2242 235 2270; x_wconf 84' lang='lat' dir='ltr'>meant.</span> 
     </span>
    </p>

    <p class='ocr_par' dir='ltr' id='par_1_9' title="bbox 110 2275 1380 2432">
     <span class='ocr_line' id='line_1_45' title="bbox 151 2275 1380 2316; baseline 0.001 -7"><span class='ocrx_word' id='word_1_379' title='bbox 151 2278 166 2296; x_wconf 79' lang='lat'>⁵</span> <span class='ocrx_word' id='word_1_380' title='bbox 180 2281 189 2294; x_wconf 77' lang='lat'><em>⁴</em></span> <span class='ocrx_word' id='word_1_381' title='bbox 201 2277 255 2309; x_wconf 87' lang='lat' dir='ltr'>He</span> <span class='ocrx_word' id='word_1_382' title='bbox 270 2286 342 2309; x_wconf 86' lang='lat' dir='ltr'>was</span> <span class='ocrx_word' id='word_1_383' title='bbox 358 2286 435 2308; x_wconf 86' lang='lat' dir='ltr'>now</span> <span class='ocrx_word' id='word_1_384' title='bbox 450 2276 517 2308; x_wconf 92' lang='lat' dir='ltr'>obli</span> <span class='ocrx_word' id='word_1_385' title='bbox 544 2275 585 2308; x_wconf 89' lang='lat' dir='ltr'>ed</span> <span class='ocrx_word' id='word_1_386' title='bbox 601 2282 636 2307; x_wconf 89' lang='lat' dir='ltr'>to</span> <span class='ocrx_word' id='word_1_387' title='bbox 652 2286 748 2316; x_wconf 86' lang='lat' dir='ltr'>carry</span> <span class='ocrx_word' id='word_1_388' title='bbox 763 2286 805 2308; x_wconf 90' lang='lat' dir='ltr'>on</span> <span class='ocrx_word' id='word_1_389' title='bbox 828 2276 884 2308; x_wconf 86' lang='lat' dir='ltr'>the</span> <span class='ocrx_word' id='word_1_390' title='bbox 903 2287 972 2308; x_wconf 80' lang='lat' dir='ltr'>war</span> <span class='ocrx_word' id='word_1_391' title='bbox 995 2287 1027 2308; x_wconf 81' lang='lat' dir='ltr'>in</span> <span class='ocrx_word' id='word_1_392' title='bbox 1050 2276 1107 2308; x_wconf 89' lang='lat' dir='ltr'>the</span> <span class='ocrx_word' id='word_1_393' title='bbox 1130 2287 1223 2308; x_wconf 87' lang='lat' dir='ltr'>same</span> <span class='ocrx_word' id='word_1_394' title='bbox 1247 2275 1380 2310; x_wconf 82' lang='lat' dir='ltr'>fashion</span> 
     </span>
     <span class='ocr_line' id='line_1_46' title="bbox 110 2287 1376 2363; baseline 0 -13"><span class='ocrx_word' id='word_1_395' title='bbox 110 2328 148 2351; x_wconf 79' lang='lat' dir='ltr'>aa</span> <span class='ocrx_word' id='word_1_396' title='bbox 164 2316 303 2355; x_wconf 79' lang='lat' dir='ltr'>Fabius,</span> <span class='ocrx_word' id='word_1_397' title='bbox 321 2317 386 2349; x_wconf 87' lang='lat' dir='ltr'>and</span> <span class='ocrx_word' id='word_1_398' title='bbox 408 2316 450 2349; x_wconf 86' lang='lat' dir='ltr'>he</span> <span class='ocrx_word' id='word_1_399' title='bbox 474 2287 541 2349; x_wconf 53' lang='lat' dir='ltr'>hag</span> <span class='ocrx_word' id='word_1_400' title='bbox 562 2316 665 2362; x_wconf 76' lang='lat' dir='ltr'>taken</span> <span class='ocrx_word' id='word_1_401' title='bbox 688 2316 774 2348; x_wconf 83' lang='lat' dir='ltr'>back</span> <span class='ocrx_word' id='word_1_402' title='bbox 798 2317 854 2363; x_wconf 75' lang='lat' dir='ltr'>his</span> <span class='ocrx_word' id='word_1_403' title='bbox 874 2325 986 2357; x_wconf 86' lang='lat' dir='ltr'>troops</span> <span class='ocrx_word' id='word_1_404' title='bbox 1009 2317 1078 2363; x_wconf 77' lang='lat' dir='ltr'>into</span> <span class='ocrx_word' id='word_1_405' title='bbox 1102 2317 1159 2349; x_wconf 83' lang='lat' dir='ltr'>the</span> <span class='ocrx_word' id='word_1_406' title='bbox 1180 2316 1236 2349; x_wconf 91' lang='lat' dir='ltr'>old</span> <span class='ocrx_word' id='word_1_407' title='bbox 1254 2318 1376 2358; x_wconf 64' lang='lat' dir='ltr'>camp!</span> 
     </span>
     <span class='ocr_line' id='line_1_47' title="bbox 111 2357 1376 2400; baseline 0 -9"><span class='ocrx_word' id='word_1_408' title='bbox 111 2357 211 2396; x_wconf 78' lang='lat' dir='ltr'>This,</span> <span class='ocrx_word' id='word_1_409' title='bbox 230 2357 322 2394; x_wconf 85' lang='lat' dir='ltr'>then,</span> <span class='ocrx_word' id='word_1_410' title='bbox 340 2367 410 2390; x_wconf 77' lang='lat' dir='ltr'>was</span> <span class='ocrx_word' id='word_1_411' title='bbox 426 2357 515 2390; x_wconf 87' lang='lat' dir='ltr'>what</span> <span class='ocrx_word' id='word_1_412' title='bbox 534 2357 705 2389; x_wconf 80' lang='lat' dir='ltr'>Minucius</span> <span class='ocrx_word' id='word_1_413' title='bbox 722 2357 785 2389; x_wconf 91' lang='lat' dir='ltr'>had</span> <span class='ocrx_word' id='word_1_414' title='bbox 802 2357 920 2398; x_wconf 82' lang='lat' dir='ltr'>gained</span> <span class='ocrx_word' id='word_1_415' title='bbox 938 2358 982 2398; x_wconf 87' lang='lat' dir='ltr'>by</span> <span class='ocrx_word' id='word_1_416' title='bbox 995 2357 1047 2390; x_wconf 83' lang='lat' dir='ltr'>his</span> <span class='ocrx_word' id='word_1_417' title='bbox 1064 2357 1140 2391; x_wconf 88' lang='lat' dir='ltr'>bold</span> <span class='ocrx_word' id='word_1_418' title='bbox 1153 2357 1376 2400; x_wconf 77' lang='lat' dir='ltr'>proceeding3</span> 
     </span>
     <span class='ocr_line' id='line_1_48' title="bbox 111 2397 918 2432; baseline -0.004 0"><span class='ocrx_word' id='word_1_419' title='bbox 111 2398 154 2432; x_wconf 83' lang='lat' dir='ltr'>ho</span> <span class='ocrx_word' id='word_1_420' title='bbox 169 2397 281 2432; x_wconf 89' lang='lat' dir='ltr'>forced</span> <span class='ocrx_word' id='word_1_421' title='bbox 298 2397 465 2431; x_wconf 84' lang='lat' dir='ltr'>Hannibal</span> <span class='ocrx_word' id='word_1_422' title='bbox 481 2406 515 2430; x_wconf 87' lang='lat' dir='ltr'>to</span> <span class='ocrx_word' id='word_1_423' title='bbox 531 2406 583 2430; x_wconf 83' lang='lat' dir='ltr'>act</span> <span class='ocrx_word' id='word_1_424' title='bbox 601 2409 643 2430; x_wconf 89' lang='lat' dir='ltr'>on</span> <span class='ocrx_word' id='word_1_425' title='bbox 660 2398 716 2430; x_wconf 87' lang='lat' dir='ltr'>the</span> <span class='ocrx_word' id='word_1_426' title='bbox 735 2397 918 2430; x_wconf 83' lang='lat' dir='ltr'>defensive.</span> 
     </span>
    </p>
   </div>
  </div>
 </body>
</html>
