1539 2508
121 104 200 139 282
662 117 697 141 T.
730 117 842 143 mvn.

121 187 190 223 bus
215 199 361 223 summa
388 199 470 223 curn
499 200 585 223 cura
603 190 800 236 exploratis
816 190 863 226 ad
882 191 1024 229 hostem
1043 193 1154 240 ducit,
1174 193 1274 229 nullo
1292 193 1382 243 loco,

120 236 188 270 nisi
223 242 399 282 quantum
433 237 635 272 necessitas
661 246 817 284 cogeret,
847 239 1009 276 fortunae
1038 253 1078 277 se
1103 242 1382 278 commissurus.

119 283 198 321 Quo
224 284 382 329 primum
408 283 466 317 ‹lie
495 283 589 319 haud
626 286 749 331 procul
785 287 904 333 Arpis·
933 287 967 322 in
995 295 1193 336 conspectu
1222 289 1383 327 hostium

118 331 236 376 posuit
271 337 397 375 castra,
436 331 535 365 nulla
570 344 669 367 mora
704 334 801 368 sacta
835 334 921 380 quin
957 335 1101 372 Poenus
1134 336 1308 372 educeret
1342 338 1380 374 in

116 379 237 413 aciem
264 379 481 424 copiamque
509 381 692 424 pugnandi
720 381 869 416 faceret.
922 382 992 418 Sed
1020 384 1082 419 ubi
1108 385 1233 431 quieta
1258 386 1382 421 omnia

117 426 215 471 apud
243 426 366 460 hostes
392 438 460 460 nec
486 434 604 462 castra
632 428 704 463 ullo
731 430 889 464 tumultu
923 436 1022 465 mota
1048 431 1158 478 videt,
1187 432 1382 479 increpans

115 473 267 518 quidem
302 473 417 507 victos
451 475 601 509 tandem
635 476 790 511 Martios
822 477 964 512 animos
999 479 1181 525 Romanis,
1217 479 1379 515 debella-

116 526 267 567 tumque
295 527 329 555 et
357 532 574 556 concessum
609 524 795 570 propalam
829 525 875 559 de
903 526 1033 561 virtute
1059 538 1104 561 ac
1129 526 1244 572 gloria
1271 528 1381 574 esse,²

114 568 150 602 in
177 576 295 603 castra
314 568 438 603 rediit:
467 575 633 605 ceterum
662 573 771 606 tacita
798 583 884 607 cura
910 574 1075 608 animum
1102 574 1262 620 incessit,
1282 575 1379 621 quod

114 627 201 650 cum
251 616 345 651 duce
388 615 675 663 haudquaquam
718 620 898 655 Flaminio
940 620 1228 668 Sempronioque
1270 621 1381 657 simili

115 663 233 698 sutura
266 663 333 698 sibi
371 675 427 698 res
453 671 561 710 esset,
589 677 633 700 ac
663 674 739 702 tum
765 666 917 703 demum
944 668 1062 703 edocti
1087 669 1196 704 malis
1223 668 1380 705 Romani

114 722 239 756 parem
270 711 464 746 Hannibali
500 712 634 748 ducem
668 716 909 760 quaesissent.
974 716 1018 750 Et
1051 716 1285 762 prudentiam
1317 717 1380 764 qui

113 758 199 793 dem
227 760 308 793 novi
334 759 494 793 ductoris
519 762 704 807 extemplo
739 763 881 797 timuit:
917 765 1162 798 constantiam
1190 763 1380 800 hauddum

113 814 294 852 expertus,
313 807 450 852 agitare
476 818 520 841 ac
548 815 687 843 tentare
713 811 879 845 animum
904 811 1084 846 movendo
1111 811 1237 847 crebro
1260 819 1380 847 castra

112 854 394 900 populandoque
436 855 472 890 in
514 855 629 890 oculis
663 857 743 902 ejus
774 869 879 903 agros
912 859 1090 893 sociorum
1133 859 1265 905 coepit.
1332 859 1379 895 Et

113 901 220 936 modo
247 903 359 937 citato
385 902 531 947 agmine
567 914 612 937 ex
638 913 836 950 conspectu
866 905 1001 951 abibat,
1029 906 1138 940 modo
1164 911 1314 953 repente
1340 906 1378 941 in

112 949 233 994 aliquo
261 950 357 984 flexu
377 950 470 994 viae,
494 951 523 984 si
551 951 723 996 excipere
750 951 966 998 degressum
994 954 1030 987 in
1055 964 1218 999 aequum
1243 960 1375 1000 posset,

114 997 280 1032 occultus
305 997 518 1032 obsistebat.
582 997 720 1033 Fabius
753 1011 816 1046 per
842 1000 921 1034 loca
945 1000 1020 1034 alta
1045 1011 1179 1046 agmen
1205 1001 1376 1048 ducebat,

113 1044 258 1079 modico
284 1045 331 1080 ab
358 1045 460 1079 hoste
488 1045 688 1086 intervallo,
715 1053 753 1081 ut
779 1059 898 1093 neque
924 1049 1107 1082 omitteret
1133 1059 1217 1083 eum
1255 1059 1377 1095 neque

114 1092 426 1137 congrederetur.³
475 1093 619 1137 Castris,
640 1094 706 1128 nisi
725 1102 903 1140 quantum
930 1106 1017 1130 usus
1039 1096 1246 1130 necessario
1271 1107 1376 1142 coge-

115 1145 177 1184 ret,
199 1140 390 1174 tenebatur
409 1140 527 1174 miles.
579 1140 761 1176 Pabulum
788 1148 824 1176 et
850 1142 948 1187 ligna
974 1154 1042 1177 nec
1069 1143 1175 1188 pauci
1203 1143 1378 1189 petebant

114 1198 182 1221 nec
201 1188 348 1233 passim.
402 1188 578 1234 Equitum
605 1187 773 1234 levisque
799 1196 1007 1224 armaturae
1026 1190 1159 1236 statio,⁴
1177 1191 1377 1237 composita

115 1234 363 1280 instructaque
390 1236 426 1269 in
452 1235 591 1270 subitos
624 1236 813 1283 tumultus,
842 1244 878 1271 et
905 1248 969 1272 suo
1002 1236 1109 1272 militi
1143 1243 1221 1272 tuta
1254 1238 1378 1273 omnia

114 1289 149 1316 et
176 1282 310 1316 infesta
336 1282 464 1317 effusis
489 1283 647 1317 hostium
675 1284 946 1329 populatoribus
971 1284 1183 1331 praebebat.
1243 1285 1377 1332 Neque

114 1329 283 1363 universo
310 1330 471 1375 periculo
506 1341 652 1364 summa
686 1342 807 1366 rerum
840 1332 1158 1377 committebatur;
1193 1338 1231 1367 et
1263 1344 1378 1379 parva

113 1384 303 1411 momenta
329 1376 467 1411 levium
501 1378 746 1412 certaminum
779 1389 826 1413 ex
853 1385 928 1413 tuto
956 1388 1180 1424 coeptorum,
1206 1379 1376 1415 finitimo-

113 1435 186 1469 que
205 1425 380 1470 receptu‚⁵
397 1424 691 1459 assuefaciebant
711 1425 874 1460 territum
900 1426 1058 1472 pristinis
1084 1426 1250 1462 cladibus
1277 1427 1372 1462 mili-

115 1476 190 1505 tem
217 1471 338 1506 minus
362 1471 437 1518 jam
466 1472 616 1506 tandem
642 1479 704 1506 aut
728 1473 869 1507 virtutis
894 1479 957 1508 aut
983 1472 1147 1508 fortunae
1173 1474 1375 1520 poeniteret*

113 1529 212 1552 suae.
265 1518 334 1553 Sed
362 1531 432 1554 non
454 1519 697 1554 Hannibalem
724 1521 840 1566 magis
866 1520 1040 1556 infestum
1067 1526 1144 1555 tam
1170 1521 1269 1556 sanis
1293 1533 1376 1557 con-

114 1565 204 1600 siliis
240 1565 401 1601 habebat
437 1578 548 1613 quam
584 1567 801 1613 magistrum
834 1568 1021 1614 equitum:
1060 1568 1122 1615 qui
1155 1568 1244 1603 nihil
1276 1569 1377 1604 aliud

115 1624 226 1659 quam
261 1614 355 1660 quod
390 1614 508 1660 impar
534 1621 610 1649 erat
644 1615 806 1661 imperio,
835 1627 958 1650 morae
992 1615 1040 1651 ad
1074 1627 1151 1651 rem
1186 1616 1377 1663 publicam

113 1662 428 1707 praecipitandam
462 1661 633 1707 habebat,
669 1662 771 1697 ferox
805 1663 1027 1709 rapidusque
1061 1663 1099 1698 in
1131 1663 1306 1709 consiliis,
1331 1675 1378 1698 ac

113 1707 238 1753 lingua
264 1709 496 1744 immodicus.
548 1709 669 1744 Primo
704 1710 797 1744 inter
823 1721 970 1757 paucos,
999 1710 1086 1745 dein
1118 1710 1307 1757 propalam
1339 1711 1378 1746 in

114 1789 221 1821 Tibur
237 1791 298 1822 and
318 1791 499 1822 Praeneste
515 1791 657 1823 without
673 1792 773 1832 going
789 1798 823 1823 to
841 1792 961 1829 Rome,
979 1792 1021 1823 he
1042 1793 1246 1834 necessarily
1261 1793 1326 1826 had
1342 1800 1376 1826 to

113 1831 254 1869 proceed
270 1832 314 1870 by
334 1835 443 1863 ‘cross
460 1832 568 1871 paths⁷
587 1832 656 1863 into
673 1832 728 1863 the
744 1832 876 1872 regular
892 1833 1012 1864 beaten
1027 1833 1118 1865 road.

154 1883 162 1899 ¹
178 1882 211 1911 A
228 1881 295 1921 city
312 1882 344 1912 in
362 1882 498 1921 Apulia,
518 1890 574 1914 not
591 1883 638 1914 far
650 1883 735 1914 from
754 1883 809 1914 the
827 1883 946 1923 colony
962 1883 1001 1915 of
1019 1884 1172 1922 Luceria,
1191 1895 1235 1916 on
1250 1884 1373 1923 which,

113 1932 155 1954 no
171 1921 286 1958 doubt,
306 1922 361 1953 the
380 1923 529 1954 Romans
546 1923 742 1963 principally
758 1923 942 1963 depended.

152 1975 165 1993 ²
181 1977 188 1990 ‘
202 1973 374 2014 Taunting
398 1974 453 2005 the
481 1975 657 2016 Romans,=
673 1975 803 2013 indeed,
831 1976 902 2007 that
928 1976 1014 2008 their
1035 1976 1167 2008 martial
1189 1977 1282 2016 spirit
1304 1987 1375 2009 was

113 2014 277 2051 subdued,
297 2014 368 2045 that
394 2014 449 2045 the
472 2025 542 2046 war
557 2027 626 2047 was
650 2016 793 2056 brought
816 2023 851 2047 to
874 2027 916 2047 an
938 2016 1014 2053 end,
1033 2017 1097 2048 and
1120 2017 1192 2049 that
1215 2017 1296 2058 they
1311 2017 1377 2050 had

112 2054 261 2094 publicly
277 2054 465 2086 renounced
482 2055 567 2086 their
583 2056 699 2087 claims
716 2064 749 2087 to
765 2057 880 2088 valour
893 2057 956 2088 and
971 2057 1090 2097 glory.’

104 2136 114 2139 ,
152 2105 164 2123 ³
181 2110 188 2121 ⁸
202 2103 247 2135 So
265 2104 336 2135 that
353 2103 394 2135 he
411 2103 540 2135 neither
556 2104 619 2135 lost
635 2105 724 2145 sight
741 2105 779 2136 of
796 2106 876 2143 him,
895 2116 955 2137 nor
971 2106 1123 2147 engaged
1138 2106 1221 2138 with
1237 2106 1332 2140 him?

153 2158 165 2175 4
181 2159 188 2172 ¹
201 2156 259 2186 An
275 2162 409 2194 outpost
426 2155 464 2186 of
481 2155 615 2194 cavalry
632 2156 695 2187 and
712 2157 794 2197 light
813 2157 980 2197 infantry.’

152 2207 164 2224 ⁶
181 2208 188 2222 ‘
203 2205 312 2245 Slight
329 2215 502 2236 successes
518 2205 637 2244 gained
654 2206 684 2236 in
702 2207 912 2243 skirmishes,
931 2207 1042 2239 which
1058 2218 1146 2239 were
1163 2208 1275 2248 begun
1289 2207 1376 2240 from

113 2255 132 2275 a
147 2245 238 2284 point
255 2245 293 2277 of
310 2245 431 2285 safety‚
451 2244 514 2276 and
530 2245 612 2275 with
629 2256 647 2276 a
659 2257 774 2277 secure
791 2247 885 2286 place
901 2247 940 2278 of
956 2254 1078 2279 retreat
1094 2248 1196 2279 near.’

153 2297 165 2313 ⁶
177 2295 350 2328 Poenitere
365 2306 480 2327 means
496 2301 553 2326 not
570 2294 697 2334 merely
714 2299 768 2326 ‘to
784 2298 926 2335 repent‚’
942 2298 1000 2328 but
1017 2297 1088 2328 also
1105 2300 1112 2314 ‘
1125 2304 1158 2328 to
1173 2297 1239 2328 feel
1250 2297 1371 2334 vexed,

113 2335 260 2375 grieved‚
276 2336 451 2376 disgusted
467 2335 548 2367 with
565 2335 726 2375 anything
742 2347 778 2367 as
795 2335 996 2368 iiisufficient
1013 2337 1078 2369 and
1089 2337 1370 2376 unsatisfactory)
