1507 2492
597 108 725 135 mmm
753 109 842 135 xxr.
1275 100 1356 137 237

81 193 198 230 quem
221 182 293 219 nisi
317 182 562 228 Saguntinum
595 182 718 218 scelus
741 183 922 229 agitaret,¹
950 183 1150 230 respiceret
1178 183 1352 231 profecto,

83 231 114 266 si
141 242 211 266 non
238 230 396 277 patriam
415 230 564 276 victam,
593 230 744 265 domum
770 238 870 265 certe
897 237 1112 277 patremque
1141 238 1177 265 et
1204 231 1354 267 foedera

81 278 304 314 Hamilcaris
328 277 464 324 scripta
491 289 612 322 manu,
641 279 703 324 qui
727 278 850 324 jussus
874 290 895 312 a
922 278 1072 313 consule
1102 286 1222 314 nostro
1248 291 1352 326 prae-

81 325 217 360 sidium
243 324 394 360 deduxit
421 325 468 360 ab
495 326 639 371 Eryce;
673 327 735 372 qui
761 338 893 371 graves
919 327 1109 372 impositas
1134 327 1243 361 victis
1268 327 1352 362 Car-

81 372 374 418 thaginiensibus
391 372 494 418 leges
512 373 675 407 fremens
701 385 944 419 maerensque
967 374 1133 420 accepit,
1160 375 1222 420 qui
1241 375 1351 409 dece·

81 419 174 454 dens
207 419 332 455 Sicilia
364 420 588 466 stipendium
623 421 756 466 populo
790 421 953 456 Romano
987 422 1074 456 dare
1109 429 1238 467 pactus
1267 423 1352 457 est.²

81 467 209 513 Itaque
235 478 301 502 vos
327 478 405 512 egO,
434 467 583 514 milites,
613 479 682 502 non
709 479 752 502 eo
778 469 897 503 solum
922 470 1054 514 animo,
1076 481 1148 515 quo
1173 469 1352 505 adversus

79 514 171 550 alios
205 514 328 550 hostes
357 515 491 561 soletis,
527 526 690 561 pugnare
724 515 848 562 velim,
878 517 943 550 sed
977 528 1063 552 cum
1099 516 1349 561 indignatione

79 562 242 608 quadam
276 569 387 608 atque
421 563 484 608 ira,
520 563 622 597 velut
656 563 686 598 si
720 575 845 598 servos
879 564 1035 598 videatis
1068 571 1208 599 vestros
1245 576 1350 599 arma

80 616 234 655 repente
268 616 393 645 contra
426 621 491 645 vos
534 610 705 645 serentes.
775 611 891 646 Licuit
925 611 972 646 ad
1010 612 1170 658 Erycem
1205 612 1350 647 clausos

80 656 209 692 ultimo
236 657 413 704 supplicio
447 658 720 705 humanorum,³
746 658 844 693 same
879 659 1107 704 interficere,
1143 659 1246 694 licuit
1274 661 1348 694 vic-

80 705 212 739 tricem
244 704 403 741 classem
444 705 479 740 iu
515 705 683 741 Africam
717 706 899 753 trajicere,
933 713 1044 752 atque
1080 708 1171 742 intra
1214 719 1350 752 paucos

81 751 162 786 dies
196 753 275 787 sine
317 753 391 788 ullo
433 754 633 788 certamine
676 754 934 799 Carthaginem
976 754 1113 789 delere.
1189 755 1347 790 Veniam

81 799 252 835 dedimus
278 800 535 846 precantibus;
565 801 762 836 emisimus
788 813 834 836 ex
859 802 1071 846 obsidi0ne3
1101 813 1233 847 pacem
1260 813 1348 837 cum

79 847 191 882 victis
210 847 387 892 fecimus3
415 848 554 883 tutelae
572 848 706 883 deinde
733 855 877 883 nostrae
900 850 1099 894 duximus,⁴
1118 861 1203 884 cum
1222 850 1348 884 Africo

84 894 177 930 bello
212 902 438 941 urgerentur.
506 895 573 930 Pro
607 896 665 930 his
700 896 916 942 impartitis,⁵
951 896 1129 932 furiosum
1170 897 1349 943 juvenem

80 949 289 989 sequentes,
325 949 578 989 oppugnatum
613 944 769 989 patriam
804 951 965 979 nostram
999 945 1162 978 veniunt.
1224 946 1348 990 Atque

80 990 220 1026 utinam
250 1001 314 1037 pro
347 991 480 1026 decore
520 996 661 1025 tantum
703 991 774 1026 hoc
807 992 910 1027 vobis
944 997 980 1026 et
1014 991 1098 1026 ηοιι6
1132 1003 1195 1038 pro
1229 993 1348 1026 salute

80 1043 179 1072 esset
204 1045 406 1074 certamen.
457 1039 538 1074 Non
566 1038 612 1073 de
639 1039 867 1084 possessione
893 1039 1041 1074 Siciliae
1070 1050 1114 1073 ac
1147 1039 1346 1084 Sardiniae,

79 1084 127 1120 de
152 1085 287 1131 quibus
311 1086 497 1132 quondam
522 1085 710 1132 agebatur,
731 1087 795 1121 sed
823 1098 885 1133 pro
914 1087 1019 1121 Italia
1045 1086 1151 1121 vobis
1175 1094 1231 1121 est
1258 1097 1348 1133 pug-

81 1133 257 1168 nandum.
309 1133 389 1168 Nec
423 1139 479 1168 est
512 1133 608 1167 alius
641 1133 688 1167 ab
723 1139 821 1177 tergo
855 1134 1051 1178 exercitus,
1079 1134 1153 1179 qui,
1182 1135 1248 1168 nisi
1284 1145 1349 1168 nos

80 1181 274 1226 vincimus,
309 1179 405 1215 hosti
439 1181 611 1224 obsistat;
645 1190 715 1214 nec
741 1181 858 1226 Alpes
890 1181 982 1214 aliae
1010 1187 1104 1225 sunt,
1132 1193 1225 1227 quas
1258 1181 1348 1216 dum

82 1233 266 1274 superant,
301 1227 506 1273 comparari
540 1238 635 1262 nova
668 1227 806 1273 possint
849 1228 1042 1273 praesidia.
1094 1228 1164 1263 Hic
1197 1236 1253 1263 est
1287 1228 1347 1263 ob·

82 1275 265 1320 standum,
295 1275 444 1320 milites,
470 1274 571 1308 velut
597 1274 627 1308 si
652 1281 737 1308 ante
762 1275 927 1309 Romana
952 1275 1101 1310 moenia
1126 1288 1346 1322 pugnemus.

81 1323 343 1369 Unusquisque
370 1333 409 1357 se
437 1333 506 1357 non
533 1333 665 1367 corpus
690 1333 810 1367 suum,
829 1322 893 1357 sed
921 1322 1117 1368 conjugem
1143 1335 1188 1358 ac
1215 1324 1349 1358 liberos

81 1381 212 1417 parvos
238 1371 350 1404 armis
376 1376 566 1416 protegere
592 1375 718 1415 putet3
746 1381 816 1405 nec
841 1370 1065 1405 domesticas
1091 1371 1208 1406 solum
1233 1373 1349 1416 agitet

83 1429 199 1464 curas,
228 1417 293 1452 sed
324 1416 541 1452 identidem⁷
567 1416 636 1451 hoc
669 1418 791 1451 animo
826 1424 980 1464 reputet,
1009 1426 1149 1453 nostras
1175 1430 1272 1454 nunc
1299 1419 1348 1453 in-

84 1466 178 1500 tueri
199 1476 332 1500 manus
359 1471 525 1500 senatum
554 1464 803 1510 populumque
831 1465 1058 1511 Romanum,
1085 1466 1203 1512 qualis
1228 1473 1350 1501 nostra

84 1513 142 1548 vis
166 1513 355 1558 virtusque
390 1512 510 1558 suerit,
541 1511 653 1546 talem
678 1511 813 1546 deinde
840 1512 1023 1548 fortunam
1058 1513 1155 1548 illius
1180 1513 1280 1549 urbis
1305 1525 1348 1548 ac

86 1560 240 1596 Romani
259 1559 400 1606 imperii
419 1559 521 1594 fore.⁷

85 1640 178 1679 piece
201 1638 238 1670 of
256 1638 383 1680 ground
407 1637 456 1670 sor
479 1638 534 1670 the
558 1648 617 1669 use
641 1637 678 1669 of
696 1637 806 1669 which
829 1649 846 1669 a
870 1638 1047 1677 particular
1069 1649 1144 1670 sum
1168 1639 1228 1670 has
1252 1647 1285 1671 to
1309 1641 1350 1671 be

85 1680 172 1719 paid.
217 1679 257 1711 ln
272 1679 338 1711 this
355 1685 485 1718 respect
499 1678 554 1710 the
570 1678 825 1718 Carthaginians
839 1689 927 1709 were
941 1689 1042 1710 never
1055 1680 1225 1720 vectigales
1240 1682 1352 1721 populi

87 1720 240 1760 Romani.
259 1731 296 1752 so
313 1720 383 1752 that
401 1720 468 1751 this
489 1719 684 1758 expression
700 1719 727 1750 is
743 1718 826 1750 used
851 1719 928 1750 here
952 1730 988 1750 as
1011 1730 1030 1750 a
1052 1719 1229 1751 rhetorical
1251 1731 1349 1760 exag-

87 1761 249 1801 geration,
269 1768 303 1792 to
319 1759 517 1800 strengthen
535 1759 589 1790 the
608 1759 681 1790 idea
697 1759 871 1790 contained
890 1759 922 1790 in
938 1760 1188 1800 stipendiarius.

128 1803 138 1820 ¹
157 1806 164 1818 ‘
178 1801 304 1834 Unless
321 1801 377 1832 the
394 1801 495 1832 crime
512 1799 722 1839 perpetrated
747 1800 875 1839 against
901 1800 1089 1839 Saguntum
1112 1801 1260 1840 agitated
1283 1801 1353 1832 him

89 1841 333 1881 (discomposed
350 1841 431 1879 him,
451 1840 608 1880 deprived
624 1839 692 1871 him
709 1839 746 1871 of
764 1845 893 1874 reason)
906 1841 928 1876 ;’
947 1840 1124 1880 according
1146 1848 1180 1872 to
1204 1842 1260 1872 the
1280 1841 1355 1873 idea

89 1883 159 1914 that
177 1882 232 1914 the
252 1882 381 1919 Furies,
397 1892 434 1913 as
451 1882 507 1913 the
523 1891 685 1920 avengers
698 1880 735 1912 of
746 1880 859 1917 crime,
875 1880 1008 1920 deprive
1025 1881 1081 1912 the
1098 1889 1302 1921 perpetrator
1314 1882 1351 1913 of

90 1933 191 1962 peace
208 1922 246 1954 of
264 1922 366 1954 mlnd.
876 1960 882 1965 .

130 1962 280 1995 ²Pactus
297 1969 344 1994 est
360 1965 450 1998 dare,
469 1972 511 1993 an
534 1961 678 1993 unusual
700 1967 929 1993 construction
951 1960 1001 1993 for
1022 1973 1057 1993 se
1078 1964 1243 1994 daturum.
1290 1962 1354 1994 See

95 2003 206 2034 Gram.
223 2002 242 2036 ὖ
258 2005 331 2039 379,
351 2009 427 2033 note
444 2005 473 2034 3.

133 2044 144 2062 ³
159 2043 288 2082 Supply
303 2044 545 2084 suppliciorum.
591 2041 831 2080 Undoubtedly
852 2040 951 2072 death
974 2042 1019 2081 by
1042 2043 1225 2074 starvation
1248 2043 1276 2073 is
1298 2041 1355 2073 the

93 2090 180 2116 most
198 2083 342 2115 horrible
359 2081 520 2122 suffering
535 2081 645 2112 which
661 2092 723 2112 one
740 2092 817 2112 man
833 2092 893 2112 can
909 2081 1012 2113 inflict
1030 2093 1116 2121 upon
1132 2083 1280 2114 another.

134 2126 146 2143 ⁴
164 2128 171 2141 ⁴
188 2123 253 2155 We
271 2122 394 2155 looked
415 2132 504 2161 upon
528 2121 620 2153 them
643 2132 680 2153 as
703 2122 807 2153 under
823 2132 882 2153 our
897 2123 1107 2161 protection.'
1156 2122 1220 2153 See
1241 2123 1352 2153 Gram.

136 2207 148 2224 ⁵
165 2203 262 2275 ‘gor’
279 2203 325 2240 (in
353 2209 468 2234 return
498 2201 559 2238 sor)
587 2201 682 2233 these
713 2201 829 2242 kindly
855 2203 1166 2239 communications‚
1195 2212 1232 2234 or
1261 2202 1357 2233 these

95 2246 180 2277 bene
208 2250 249 2276 ts.

137 2285 150 2304 ⁶
166 2288 174 2302 ⁸
187 2284 268 2316 And
282 2289 339 2315 not
355 2283 466 2315 rather
482 2283 531 2314 for
546 2292 606 2314 our
621 2281 752 2322 safety.’
799 2282 864 2314 See
882 2282 1018 2323 Zumpt,
1037 2282 1056 2316 ὖ
1072 2285 1142 2315 781.

137 2327 150 2344 ⁷
166 2328 174 2343 ⁸
188 2324 278 2357 Ever
292 2323 356 2357 and
372 2323 480 2365 again,
499 2322 713 2362 constantly.’
760 2322 824 2355 See
843 2323 978 2363 Zumpt,
998 2323 1016 2357 <>
1032 2325 1105 2360 276,
1125 2325 1155 2354 2.
