1539 2508
86 83 163 120 168
634 94 670 120 τ.
695 94 811 122 mvn.

81 167 215 204 adduci
250 173 383 216 posset,
413 178 472 202 res
506 174 629 203 tamen
662 179 726 202 suo
756 168 834 215 ipsa
866 167 1055 203 molimine
1087 167 1208 214 gravis
1239 173 1356 204 certa·

81 215 245 251 minibus
280 218 313 250 in
348 227 484 249 annum
519 215 733 250 extrahitur.
787 214 896 251 Plebs
922 215 1140 251 Voleronem
1170 214 1356 252 tribunum

81 263 208 299 reficit.
263 265 386 298 Patres
406 263 451 296 ad
479 262 647 297 ultimum
676 263 925 298 dimicationis
952 264 1016 298 rati
1045 275 1121 298 rem
1148 269 1353 311 venturam,

81 313 176 357 App.
212 311 418 356 Claudium,
456 310 564 362 Appii
599 311 727 356 filium,
761 311 837 357 jam
876 311 960 346 inde
993 322 1016 345 a
1049 311 1210 358 paternis
1241 319 1356 347 certa·

81 359 243 393 minibus
264 360 421 392 invisum
450 358 697 405 infestumque
724 358 833 405 plebi,
860 358 1050 394 consulem
1076 359 1225 394 faciunt.
1276 358 1357 394 Col-

80 405 162 451 lega
181 408 212 440 ei
232 407 273 441 T.
293 406 462 444 Quintius
480 406 595 441 datur.

130 454 311 500 Principio
341 454 463 487 statim
491 454 575 488 anni
604 453 692 488 nihil
721 454 818 500 prius
843 465 954 500 quam
982 453 1029 489 de
1055 453 1138 499 lege
1164 452 1354 499 agebatur.

80 501 148 536 Sed
186 509 223 535 ut
260 503 423 535 inventor
457 501 549 545 legis
581 501 721 546 Volero,
758 501 811 536 sic
847 501 1044 547 Laetorius,
1078 500 1221 546 collega
1262 501 1354 548 ejus,

79 550 217 583 auctor¹
251 559 335 584 cum
372 550 549 583 recentior
583 555 661 583 tum
698 549 814 583 acrior
850 556 949 584 erat:
995 549 1154 584 ferocem
1198 548 1357 584 faciebat

79 595 164 631 belli
195 597 310 642 gloria
339 597 478 641 ingens.
505 595 599 642 quod
629 598 762 631 aetatis
790 596 870 643 ejus
896 596 994 632 haud
1021 597 1217 643 quisquam
1243 607 1356 632 manu

79 645 278 690 promptior
305 651 394 678 erat,
446 644 490 689 Is,
519 656 602 678 cum
631 644 762 678 Volero
788 644 879 679 nihil
909 653 1165 691 praeterquam
1197 643 1244 678 de
1273 643 1357 690 lege

79 692 299 738 loqueretur,
330 692 572 726 insectatione
599 691 789 727 abstinens
815 692 1017 738 consulum,
1039 692 1116 739 ipse
1143 691 1179 726 in
1205 702 1357 726 accusa-

80 740 216 774 tionem
236 740 345 786 Appii
372 739 608 785 familiaeque
636 740 921 786 superbissimae
947 751 991 775 ac
1016 739 1293 775 crudelissimae
1319 739 1357 775 in

79 787 226 833 plebem
260 788 458 822 Romanam
490 788 667 833 exorsus,²
695 799 780 822 cum
807 799 828 822 a
856 788 1023 823 Patribus
1053 799 1121 822 non
1153 787 1354 834 consulem,

80 834 145 869 sed
163 836 372 870 carnificem
392 835 438 870 ad
459 835 665 870 vexandam
690 844 725 869 et
756 835 986 870 lacerandam
1015 834 1164 882 plebem
1190 841 1357 870 creatum

79 894 162 917 esse
193 883 440 928 contenderet,
471 883 570 917 rudis
599 883 633 917 in
663 882 811 917 militari
844 883 993 918 homine
1020 883 1145 928 lingua
1173 893 1242 917 non
1273 893 1357 928 sup-

80 930 228 976 petebat
282 930 438 965 libertati
483 930 694 976 animoque.
763 931 890 977 Itaque
935 931 1132 966 deficiente
1182 930 1355 976 oratione,

81 977 410 1024 ‘Quandoquidem
446 989 515 1012 non
551 984 625 1013 tam
669 978 777 1012 facile
815 978 963 1025 loquor,’
999 978 1125 1024 inquit,
1162 977 1355 1023 ‘Quirites‚

80 1037 190 1071 quam
222 1025 317 1072 quod
350 1026 491 1060 locutus
520 1038 601 1060 sum
632 1033 786 1072 praesto,
815 1027 974 1061 crastino
999 1025 1059 1061 die
1085 1025 1226 1060 adeste.
1280 1025 1358 1070 Ego

83 1074 140 1108 hic
173 1080 235 1108 ant
271 1074 304 1108 in
340 1080 536 1119 conspectu
572 1081 692 1108 vestro
726 1074 857 1108 moriar
890 1081 952 1108 aut
986 1073 1168 1120 perferam
1206 1073 1355 1118 legem)

81 1122 269 1167 Occupant
304 1121 435 1156 tribuni
473 1121 653 1167 templum
690 1128 834 1167 postero
876 1121 947 1156 die.
1015 1120 1191 1156 Consules
1230 1119 1358 1155 nobili-

82 1176 210 1214 tasque
229 1169 275 1204 ad
296 1168 568 1215 impediendam
590 1168 708 1214 legem
735 1170 768 1204 in
797 1169 966 1204 contione
993 1169 1203 1204 consistunt.
1255 1167 1358 1203 Sum-

83 1217 220 1252 moveri
250 1217 438 1251 Laetorius
462 1217 576 1262 jubet,
606 1222 863 1262 praeterquam
889 1217 951 1263 qui
980 1216 1193 1262 suffragium
1222 1215 1358 1250 ineant.

82 1265 351 1299 Adolescentes
380 1265 522 1299 nobiles
551 1265 706 1310 stabant,
735 1265 823 1299 nihil
852 1265 1029 1300 cedentes
1055 1263 1213 1299 viatori?
1260 1263 1357 1298 Tum

83 1324 130 1348 ex
165 1313 222 1347 his
258 1312 382 1359 prendi
419 1313 596 1358 quosdam
642 1312 831 1347 Laetorius
863 1313 977 1359 jubet.
1045 1311 1178 1347 Consul
1213 1310 1359 1358 Appius

83 1372 217 1405 negare
250 1361 310 1407 jus
343 1371 425 1394 esse
460 1361 603 1395 tribuno
632 1359 667 1394 in
703 1372 931 1406 quemquam
965 1360 1036 1395 uisi
1072 1359 1108 1394 in
1143 1359 1356 1405 plebeium:

82 1419 151 1442 non
187 1408 287 1443 enim
320 1407 454 1454 populi,
483 1408 547 1442 sed
583 1407 702 1454 plebis
729 1419 815 1442 eum
845 1408 1102 1453 magistratum
1131 1418 1225 1442 esse.
1277 1406 1359 1442 Nec

83 1456 187 1490 illum
216 1456 334 1502 ipsum
362 1467 597 1491 summovere
624 1467 686 1501 pro
714 1456 866 1502 imperio
895 1467 1001 1502 posse
1031 1466 1132 1490 more
1161 1453 1356 1500 majorum,

83 1504 166 1550 quia
181 1505 228 1538 ita
241 1504 385 1538 dicatur
401 1503 455 1538 ‘Si
471 1503 574 1538 vobis
589 1504 743 1548 videtur,
759 1503 951 1549 discedite,
967 1503 1168 1542 Quirites.’⁴
1218 1500 1359 1537 Facile⁸

83 1558 121 1586 et
157 1551 401 1598 contemptim
443 1551 490 1585 de
523 1552 602 1597 jure
646 1550 860 1586 disserendo
894 1550 1107 1598 perturbare
1145 1549 1358 1586 Laetorium

83 1606 236 1646 poterat.
289 1599 435 1634 Ardens
461 1599 572 1645 igitur
598 1599 650 1633 ira
677 1599 842 1634 tribunus
860 1599 1038 1634 viatorem
1064 1599 1175 1634 mittit
1199 1597 1245 1633 ad
1272 1609 1358 1632 con-

83 1647 212 1692 sulem,
233 1647 359 1682 consul
379 1647 546 1682 lictorem
564 1648 609 1682 ad
629 1647 827 1692 tribunum,
845 1648 1029 1693 privatum
1048 1658 1132 1682 esse
1149 1645 1356 1692 clamitans,

84 1695 163 1730 sine
198 1696 362 1742 imperio,
392 1696 470 1730 sine
504 1696 742 1740 magistratu3
778 1695 1008 1741 violatusque
1043 1700 1143 1730 esset
1176 1694 1356 1740 tribunus,

84 1743 119 1777 ni
154 1749 190 1778 et
224 1743 344 1778 contio
378 1743 498 1778 omnis
531 1750 634 1778 atrox
667 1749 790 1777 coorta
822 1754 885 1789 pro
919 1742 1064 1778 tribuno
1097 1743 1132 1777 in
1166 1742 1358 1777 consulem

125 1838 134 1855 ¹
152 1840 159 1853 ‘
174 1837 545 1875 Supporter’=suasor:
573 1848 629 1868 see
647 1837 666 1868 i.
686 1840 735 1872 17,
754 1847 785 1876 p.
802 1839 854 1871 40,
873 1843 950 1867 note
970 1839 996 1868 1.

123 1878 136 1896 ⁴³
153 1877 272 1908 ‘After
295 1877 335 1909 he
353 1878 417 1910 had
435 1880 543 1918 begun
560 1886 594 1909 to
610 1877 715 1917 speak
727 1878 748 1915 3¹
774 1879 878 1909 ordiri
899 1887 936 1908 or
951 1877 1094 1908 exordiri
1113 1877 1301 1913 orationem,
1320 1885 1358 1908 ot·

85 1918 225 1949 without
243 1920 429 1953 orationem,
453 1923 460 1934 ⁸
473 1926 506 1950 to
523 1919 644 1958 begin.’

125 1959 136 1978 ³
157 1957 304 1989 Viatores
322 1970 374 1990 are
392 1960 423 1990 in
436 1959 490 1990 the
504 1959 638 1998 general
651 1969 749 1990 sense
769 1962 776 1975 ‘
789 1957 930 1990 officers’
946 1968 983 1989 or
1001 1961 1009 1975 ‘
1021 1956 1184 1993 beadles,’
1202 1955 1355 1996 properly

87 2000 354 2037 ‘messengers3’
383 1999 448 2030 this
472 1999 595 2038 special
619 1999 811 2031 distinction
833 2009 903 2030 was
929 1997 1024 2030 made
1052 1999 1207 2029 between
1228 1998 1356 2030 lictores

85 2039 147 2071 and
161 2041 300 2071 viatores
314 2039 423 2070 —that
442 2039 497 2070 the
514 2039 635 2071 former
651 2039 807 2071 attended
821 2049 908 2078 upon
921 2038 985 2070 and
997 2037 1160 2070 executed
1173 2038 1230 2069 the
1243 2037 1356 2069 orders

84 2080 229 2111 ofthose
247 2080 458 2120 magistrates
475 2080 552 2111 who
575 2080 638 2111 had
661 2081 718 2111 the
737 2081 913 2121 imperium,
933 2079 1045 2111 whilst
1069 2079 1125 2110 the
1148 2078 1247 2110 latter
1268 2077 1356 2110 class

85 2131 174 2152 were
191 2120 345 2152 attached
362 2128 395 2152 to
411 2120 507 2151 those
525 2120 601 2151 who
617 2120 670 2151 did
689 2129 743 2152 not
762 2131 897 2160 possess
913 2119 984 2151 that
1001 2129 1123 2159 power.

126 2163 137 2180 ⁴
152 2161 181 2192 It
198 2161 226 2192 is
243 2161 320 2192 thus
337 2160 519 2192 concluded
534 2160 616 2192 from
635 2161 691 2192 the
708 2161 808 2200 polite
825 2160 967 2192 formula
985 2164 993 2177 ¹
1005 2159 1034 2191 if
1043 2170 1109 2200 you
1124 2158 1264 2199 please,'
1283 2157 1353 2190 that

86 2201 143 2232 the
159 2201 307 2233 removal
323 2201 361 2232 of
379 2201 518 2232 citizens
541 2200 638 2232 could
655 2209 709 2232 not
729 2203 769 2233 be
786 2199 1016 2233 commanded.
1062 2199 1103 2231 In
1125 2209 1227 2239 many
1242 2209 1353 2236 cases,

86 2241 255 2278 however,
275 2242 342 2273 this
359 2252 429 2273 was
446 2252 464 2272 a
480 2251 571 2272 mere
587 2241 680 2281 piece
697 2241 734 2273 of
751 2249 922 2282 courtesy,
941 2239 1053 2272 which
1069 2239 1125 2272 did
1139 2246 1198 2272 not
1213 2238 1356 2272 weaken

86 2281 144 2314 the
160 2282 248 2313 force
265 2282 303 2314 of
319 2282 376 2314 the
392 2281 579 2314 command.

126 2322 140 2341 ⁶
157 2326 164 2339 ‘
177 2322 362 2363 Fluently,’
386 2326 393 2339 ‘
405 2321 533 2362 easily.'
