1491 2476
680 86 804 115 mnan
831 91 856 115 r.
1363 97 1414 132 23

171 144 358 191 Lycaeum
383 151 481 186 Pana
499 164 714 194 venerantes
739 172 803 206 pei·
820 163 938 200 lusum
956 173 1063 214 atque
1082 170 1267 209 lasciviam
1295 188 1412 213 curre-

170 199 270 238 rent,
305 207 416 241 quem
441 199 591 236 Romani
617 205 749 241 deinde
775 220 945 247 vocarunt
971 215 1113 252 Inuum.
1163 221 1257 255 Huic
1280 224 1412 261 deditis

128 266 138 269 s
168 237 314 286 ludicm,
333 254 416 279 cum
436 246 611 284 sollemne
636 260 760 289 notum
788 264 894 300 esset,
914 259 1100 298 insidiatos
1123 266 1169 300 ob
1196 268 1284 303 iram
1311 283 1410 316 prae-

166 284 235 319 dae
252 288 410 324 amissae
428 292 592 341 latrones,
607 309 691 333 curn
708 301 882 339 Romulus
895 307 931 340 vi
949 319 987 342 se
1005 310 1236 360 defendisset,
1252 317 1407 355 Remum

164 333 316 379 cepisse,
347 345 494 382 captum
528 344 600 387 regi
635 347 780 382 Amulio
815 352 1013 401 tradidisse,
1045 358 1136 393 ultro
1168 369 1407 401 accusantes.¹

164 378 313 415 Crimini
333 386 491 421 maxime
517 388 650 425 dabant
676 394 709 427 in
736 396 936 433 Numitoris
960 413 1065 447 agros
1090 406 1135 441 ab
1161 407 1204 442 iis
1228 410 1406 456 impetum

161 424 262 471 fieri3
288 429 372 463 inde
391 443 462 478 eos,
482 435 635 471 collecta
657 439 833 484 juvenum
859 457 980 493 manu,
1001 450 1167 487 hostilem
1196 456 1230 490 in
1257 458 1405 496 modum

160 473 315 516 praedas
331 488 452 521 agere.
503 482 558 516 Sic
583 485 763 522 Numitori
780 491 824 524 ad
844 495 1061 539 supplicium
1086 500 1222 536 Remus
1247 503 1402 541 deditur.

158 518 241 554 Jam
258 522 342 557 inde
360 525 407 559 ab
424 526 524 562 initio
542 530 715 567 Faustulo
734 546 817 581 spes
839 539 956 575 suerat
979 545 1115 588 regiam
1142 549 1289 594 stirpem
1307 554 1403 598 apud

157 575 198 599 se
231 567 397 606 educari:
432 585 515 610 nam
547 583 582 611 et
612 583 791 625 expositos
817 585 919 630 jussu
948 592 1042 634 regis
1069 593 1224 630 infantes
1253 599 1400 644 sciebat,

156 617 194 645 et
219 619 371 662 tempus,
391 631 462 664 quo
488 623 565 667 ipse
592 636 654 660 eos
680 630 893 679 sustulisset,
913 635 958 669 ad
985 637 1020 671 id
1047 639 1167 684 ipsum
1193 654 1400 689 congruere.

156 657 224 694 Sed
259 673 335 697 rem
362 665 604 716 immaturam,
632 674 700 708 nisi
725 684 788 710 aut
813 690 877 723 per
902 684 1130 721 occasionem
1163 697 1224 724 aut
1251 703 1313 736 per
1337 705 1399 728 ne-

153 708 373 756 cessitatem,
391 715 519 758 aperiri
536 719 718 756 noluerat:
745 728 942 762 necessitas
959 731 1052 775 prior
1068 735 1176 769 venit.
1228 738 1281 771 Ita
1299 749 1399 776 metu

153 753 340 790 subactus2
366 759 517 796 Romulo
547 776 622 800 rem
651 770 778 813 aperit.
830 772 934 809 Forte
964 784 999 811 et
1028 779 1216 828 Numitori,
1245 796 1328 820 cum
1361 788 1396 823 in

151 802 316 836 custodia
339 804 495 843 Remum
522 810 671 848 haberet
696 817 932 866 audissetque
957 826 1121 868 geminos
1147 840 1228 864 esse
1255 831 1393 881 fratres,

150 851 392 892 comparando
422 861 456 888 et
485 864 644 894 aetatem
671 873 794 899 eorum
829 873 865 901 et
899 870 1013 914 ipsam
1044 875 1196 910 minime
1227 881 1394 917 servilem

148 892 318 942 indolem,
355 900 519 945 tetigerat
555 907 717 943 animum
755 916 932 950 memoria
972 927 1166 967 nepotum,
1209 926 1394 963 sciscitan-

148 938 266 985 doque
299 945 426 981 eodem
455 953 627 998 pervenit,
657 962 693 989 ut
726 957 823 994 haud
851 964 971 1006 procul
1000 975 1096 1001 esset
1123 971 1209 1013 quin
1235 972 1392 1010 Remum

146 997 369 1030 agnosceret.
419 995 474 1029 Ita
490 999 651 1045 undique
678 1005 751 1048 regi
778 1006 882 1042 dolus
907 1013 1072 1047 nectitur.
1123 1016 1297 1054 Romulus
1322 1033 1392 1057 non

146 1043 230 1068 cum
248 1036 353 1080 globo
369 1039 546 1085 juvenum
564 1047 647 1090 (nec
673 1052 770 1085 enim
789 1061 863 1088 erat
881 1057 926 1091 ad
944 1066 1106 1102 apertam
1125 1064 1202 1098 vim
1219 1068 1297 1112 par)
1326 1069 1390 1103 sed

143 1079 225 1114 aliis
241 1083 312 1117 alio
337 1086 464 1122 itinere
488 1090 598 1135 jussis
623 1104 719 1130 certo
746 1104 907 1146 tempore
933 1105 977 1138 ad
1007 1108 1142 1151 regiam
1162 1113 1282 1146 venire
1308 1126 1389 1159 pas-

145 1127 290 1175 toribus,
309 1132 354 1167 ad
382 1138 519 1179 regem³
538 1139 714 1184 impetum
741 1144 846 1191 facit,
874 1155 909 1182 et
927 1162 947 1183 a
965 1151 1071 1186 domo
1095 1156 1293 1193 Numitoris
1316 1162 1389 1197 alia

143 1183 349 1220 comparata
366 1191 474 1216 manu
493 1185 640 1230 adjuvat
659 1189 804 1226 Remus.
855 1195 908 1229 Ita
926 1209 1050 1242 regern
1068 1202 1290 1240 obtruncant.

191 1224 223 1254 6.
248 1223 416 1260 Numitor
443 1229 535 1265 inter
563 1234 718 1277 primum
749 1241 941 1277 tumultum
972 1245 1095 1282 hostes
1124 1250 1299 1287 invasisse
1329 1266 1384 1289 ur-

141 1265 227 1302 bem
259 1276 368 1316 atque
393 1274 536 1311 adortos
563 1281 700 1325 regiam
725 1284 904 1334 dictitans,
933 1302 1016 1326 cum
1042 1295 1178 1338 pubem
1203 1299 1384 1337 Albanam

139 1312 176 1347 in
209 1326 330 1353 arcem
364 1323 542 1365 praesidio
575 1329 774 1374 armisque*
800 1334 1034 1373 obtinendam
1067 1353 1264 1391 avocasset,
1289 1355 1384 1392 post-

137 1370 248 1405 quam
275 1364 428 1409 juvenes
459 1379 665 1417 perpetrata
697 1379 810 1413 caede
843 1393 992 1428 pergere
1021 1387 1067 1422 ad
1097 1401 1136 1423 se
1162 1393 1384 1435 gratulantes

136 1407 237 1454 vidit,
257 1415 440 1460 extemplo
465 1417 640 1454 advocato
666 1426 814 1460 concilio
840 1431 978 1465 scelera
1002 1433 1037 1467 in
1064 1447 1103 1469 se
1129 1437 1256 1485 fratris,
1276 1443 1381 1487 origi-

135 1464 220 1489 nem
236 1466 418 1507 nepotum,
437 1469 476 1497 ut
492 1467 615 1513 geniti,
635 1476 672 1503 ut
691 1471 843 1520 educati,
863 1483 901 1511 ut
919 1481 1049 1523 cogniti
1076 1492 1206 1531 essent,
1227 1489 1380 1525 caedem

134 1499 310 1549 deinceps
327 1510 468 1552 tyranni
486 1523 598 1557 seque
616 1515 694 1561 ejus
711 1527 894 1557 auctorem
920 1527 1088 1563 ostendit.
1139 1532 1299 1568 Juveues
1315 1548 1380 1581 per

133 1549 295 1585 mediam
312 1555 517 1592 contionem
533 1562 680 1604 agmine
706 1564 858 1610 ingressi
884 1582 968 1606 cum
995 1585 1104 1610 avum
1131 1588 1256 1623 regem
1283 1583 1377 1618 salu-

134 1600 279 1642 tassent‚
306 1608 432 1636 secuta
456 1615 503 1638 ex
527 1609 623 1642 omni
650 1611 882 1650 multitudine
908 1622 1136 1657 consentiens
1162 1636 1231 1661 vox
1256 1634 1373 1665 ratum

131 1651 265 1677 nomen
282 1644 548 1696 imperiumque
566 1656 641 1699 regi
659 1657 792 1693 effecit.

177 1689 232 1722 Ita
255 1691 435 1729 Numitori
463 1698 606 1734 Albana
639 1714 676 1737 re
709 1708 894 1754 permissa,
921 1712 1115 1751 Romulum
1143 1718 1373 1769 Remumque

129 1736 262 1780 cupido
287 1741 383 1785 cepit
409 1743 444 1777 in
470 1744 516 1779 iis
542 1746 636 1790 locis,
657 1750 719 1785 ubi
746 1757 896 1799 expositi
923 1759 1058 1805 ubique
1084 1764 1229 1801 educati
1256 1778 1368 1817 erant,

128 1781 226 1817 urbis
250 1788 474 1824 condendae.
525 1793 571 1827 Et
600 1807 783 1841 supererat
809 1804 1000 1840 multitudo
1026 1809 1248 1849 Albanorum
1275 1816 1370 1852 Lati-

126 1837 350 1878 norumque,
377 1836 424 1871 ad
453 1838 489 1872 id
518 1847 680 1885 pastores
709 1857 852 1892 quoque
880 1863 1122 1903 accesserant,
1151 1861 1212 1904 qui
1241 1873 1368 1899 omnes

165 1922 176 1939 ¹
195 1920 299 1959 Ultro,
322 1927 379 1957 ‘of
396 1928 480 1960 their
496 1942 569 1963 own
594 1937 736 1974 accord‚'
762 1940 838 1972 here
863 1954 998 1983 appears
1023 1955 1056 1978 to
1078 1960 1213 1988 express
1231 1954 1284 1985 the
1308 1967 1364 1987 ex·
1390 1988 1392 1990 ,

123 1964 227 1992 treme
243 1963 436 2002 impudence
452 1970 490 2000 of
506 1972 561 2002 the
577 1976 722 2008 robbers.
767 1980 922 2022 Though,
942 1986 974 2016 in
997 1988 1096 2028 being
1116 1990 1224 2023 forced
1242 2001 1274 2024 to
1289 1996 1364 2034 give

122 2009 166 2036 up
189 2001 232 2031 all
254 2003 338 2035 their
360 2007 526 2047 ill—gotten
550 2013 662 2053 booty‚
682 2017 762 2056 they
777 2020 840 2052 had
863 2024 941 2063 only
956 2028 1106 2060 received
1130 2031 1215 2063 their
1237 2033 1359 2072 desert,

123 2038 202 2078 they
217 2042 285 2073 still
302 2055 387 2076 were
403 2047 570 2087 impudent
588 2057 717 2095 enough
734 2066 767 2089 to
784 2070 900 2093 accuse
918 2075 1028 2106 young
1046 2068 1183 2101 Remus.

158 2088 171 2105 ²
183 2088 250 2120 For
263 2099 398 2131 coactus,
418 2106 487 2127 rare
504 2099 566 2130 and
582 2103 725 2141 antique.

158 2138 170 2156 ³
186 2140 194 2154 ‘
207 2138 303 2177 Upon
320 2142 374 2174 the
391 2144 482 2184 king,
498 2147 549 2179 his
565 2149 681 2189 house,
697 2155 759 2186 and
772 2156 822 2188 his
836 2158 972 2201 family.'
1017 2164 1090 2197 Had
1105 2167 1158 2197 the
1174 2168 1252 2208 king
1264 2170 1358 2210 alone

117 2175 202 2207 been
217 2188 339 2218 meant,
358 2193 408 2214 we
424 2186 543 2219 should
558 2189 641 2222 have
656 2192 721 2225 had
737 2197 771 2227 in
790 2209 901 2239 regem.

156 2224 214 2256 ⁴A
243 2238 394 2262 common
418 2233 514 2265 Latin
536 2239 567 2267 ἒν
589 2240 634 2269 ὁιᾶ
657 2242 747 2280 δυοῖν,
773 2247 961 2284 equivalent
985 2258 1018 2283 to
1039 2256 1201 2292 praesidio
1222 2266 1353 2293 armato.

119 2261 281 2304 Compare
298 2269 430 2310 Zumpt,
450 2274 468 2308 ᾗ
483 2278 553 2307 741.
