1507 2492
659 76 786 103 mmm
814 76 856 102 11.
1315 63 1389 98 103

126 152 261 202 quiniis
288 152 492 196 imminere,
521 150 560 186 id
587 150 736 196 quidem
765 161 829 196 spe
857 149 1022 184 omnium
1049 148 1166 183 serius
1190 147 1272 182 suit.
1323 147 1389 181 Ce-

125 207 258 245 terum,
286 200 323 235 id
355 198 453 246 quod
486 209 558 233 non
591 198 781 241 timebant,
817 208 882 243 per
914 196 1039 231 dolum
1072 207 1116 229 ac
1149 194 1389 241 proditionem

126 259 238 295 prope
278 246 429 282 libertas
469 246 604 280 amissa
639 251 706 279 est.
776 245 885 279 Erant
919 244 952 278 in
996 244 1158 278 Romana
1197 241 1389 288 juventute

124 295 381 330 adolescentes
404 293 552 338 aliquot,
571 293 653 331 nec¹
672 292 695 326 ii
716 292 817 326 tenui
836 291 914 325 loco
939 291 1016 335 orti,
1037 301 1188 336 quorum
1218 290 1252 323 in
1280 299 1389 333 regno

125 341 240 377 libido
281 340 428 375 solutior
469 339 596 385 suerat,
631 339 808 384 aequales
849 338 1064 383 sodalesque
1096 336 1387 371 adolescentium

124 388 412 434 Tarquiniorum,
431 386 570 421 assueti
589 397 688 420 more
708 386 805 430 regio
825 387 959 419 vvere.
1013 385 1106 420 Eam
1129 391 1207 419 turn
1233 389 1389 429 aequato

131 435 212 482 jure
244 435 410 469 omnium
449 434 634 468 licentiam
665 442 894 479 quaerentes,
930 432 1134 466 libertatem
1164 431 1317 465 aliorum
1353 430 1388 464 in

126 493 232 518 suam
262 481 428 516 vertisse²
454 482 669 515 servitutem
697 480 788 514 inter
815 492 853 514 se
880 479 1215 524 conquerebantur:
1250 478 1389 522 Regem

125 529 314 566 hominem
334 539 427 573 esse,
446 539 468 562 a
485 539 556 574 quo
580 529 764 573 impetres,
787 527 845 562 ubi
872 527 938 572 jus,
959 527 1019 561 ubi
1051 527 1180 571 injuria
1205 536 1297 570 opus
1322 524 1390 568 sit;

126 587 209 612 esse
235 575 375 622 gratiae
405 575 536 619 locum,
567 586 648 609 esse
683 575 886 618 beneficio,
921 581 955 608 et
991 574 1098 608 irasci
1133 580 1168 607 et
1203 573 1390 617 ignoscere

126 634 257 669 posse3
305 623 396 657 inter
439 623 600 656 amicum
645 628 756 667 atque
799 622 990 656 inimicum
1033 621 1227 655 discrimen
1270 630 1389 653 nosse.

126 670 246 715 Leges
273 680 349 705 rem
381 669 540 714 surdam,
571 668 836 703 inexorabilem
871 679 964 713 esse,
996 668 1232 702 salubriorem
1263 666 1391 700 melio·

126 727 280 762 remque
314 717 412 762 inopi
449 727 559 762 quam
599 716 756 761 potenti:
800 716 887 749 nihil
924 715 1123 750 laxamenti
1157 726 1224 748 nec
1261 713 1390 747 veniae

126 763 275 809 habere,
303 763 333 798 si
360 763 509 799 modum
539 763 753 798 excesseris.
806 763 1053 796 Periculosum
1081 773 1163 795 esse
1189 762 1222 795 in
1250 767 1298 795 tot
1326 760 1390 794 hu—

126 810 249 846 manis
274 811 452 845 erroribus
477 809 552 844 sola
579 810 783 844 innocentia
809 810 945 843 vivere.
998 810 1050 843 Ita
1075 809 1151 855 jam
1179 820 1244 842 sua
1263 814 1390 853 sponte

126 857 247 902 aegris
262 857 394 891 animis
421 857 529 902 legati
555 856 602 891 ab
629 857 774 901 regibus
800 857 1072 902 superveniunt,
1100 856 1179 890 sine
1205 856 1391 890 mentione

127 904 268 940 reditus
294 904 389 939 bona
424 910 563 938 tantum
600 911 819 950 repetentes.
883 905 1016 938 Eorum
1052 903 1161 937 verba
1197 909 1391 948 postquam

125 951 164 986 in
180 957 309 986 senatu
326 950 452 986 audita
475 958 566 995 sunt,
586 962 651 996 per
675 951 810 996 aliquot
837 951 916 985 dies
942 963 985 984 ea
1011 951 1225 985 consultatio
1252 950 1393 994 tenuit,⁸

126 1008 173 1033 ne
200 1008 270 1033 non
299 997 439 1032 reddita
467 997 551 1033 belli
586 1010 707 1043 eausa,
740 998 881 1032 reddita
916 998 1002 1033 belli
1038 998 1189 1032 materia
1219 1004 1253 1031 et
1287 996 1389 1042 adju·

128 1054 296 1080 mentum
329 1047 478 1080 essent.⁴
544 1045 691 1079 Interim
729 1045 837 1090 legati
876 1046 939 1080 alii
976 1045 1047 1079 alia
1083 1045 1224 1089 moliri3
1265 1051 1391 1089 aperte

126 1091 223 1127 bona
257 1098 476 1138 repetentes,
511 1092 605 1127 clam
642 1092 880 1137 recuperandi
916 1093 1016 1138 regni
1053 1092 1203 1126 consilia
1240 1098 1390 1125 struere.

129 1138 176 1174 Et
193 1144 380 1185 tamquam
403 1139 451 1173 ad
476 1139 523 1181 id,
544 1138 640 1184 quod
667 1140 723 1183 agi
752 1139 955 1184 videbatur,
982 1139 1192 1173 ambientes
1217 1138 1392 1173 nobilium

127 1184 415 1220 adolescentium
447 1186 590 1220 animos
617 1193 873 1231 pertemptant.
924 1189 957 1221 A
983 1187 1115 1231 quibus
1143 1186 1287 1232 placide
1314 1196 1391 1219 ora-

128 1232 178 1267 tio
194 1239 349 1278 accepta
373 1238 438 1277 est,
459 1233 504 1267 iis
527 1232 666 1267 litteras
682 1232 729 1267 ab
746 1233 954 1278 Tarquiniis
980 1233 1143 1277 reddunt,
1164 1241 1199 1268 et
1225 1233 1271 1268 de
1296 1232 1391 1267 acci-

127 1278 274 1326 piendis
290 1279 387 1314 clam
405 1287 510 1315 nocte
529 1280 563 1314 in
584 1279 713 1314 urbem
733 1280 879 1325 regibus
896 1281 1162 1326 colloquuntur.

176 1330 211 1362 4.
246 1326 404 1362 Vitelliis
443 1327 686 1372 Aquilliisque
727 1326 897 1362 fratribus
938 1329 1053 1374 primo
1095 1328 1292 1363 commissa
1334 1339 1393 1362 res

127 1379 195 1410 est.
257 1373 487 1409 Vitelliorum
521 1385 617 1408 soror
649 1374 788 1408 consuli
823 1382 934 1421 nupta
969 1375 1075 1410 Bruto
1110 1382 1207 1418 erat;
1241 1375 1392 1421 jamque

127 1433 176 1458 ex
202 1432 246 1457 eo
270 1421 500 1458 matrimonio
529 1421 782 1456 adolescentes
811 1429 911 1456 erant
936 1422 1052 1467 liberi,
1080 1423 1186 1457 Titus
1211 1423 1392 1457 Tiberius-

127 1480 213 1515 que.
265 1469 339 1504 Eos
354 1481 499 1516 quoque
525 1470 560 1504 in
587 1470 802 1504 societatem
829 1469 972 1504 consilii
997 1470 1170 1504 avunculi
1188 1476 1391 1504 assumunt.

128 1516 322 1552 Praeterea
362 1516 497 1562 aliquot
540 1516 681 1551 nobiles
720 1516 978 1551 adolescentes
1021 1517 1157 1551 conscii
1200 1518 1391 1562 assumpti,

128 1574 283 1608 quorum
310 1569 489 1598 vetustate
517 1564 695 1598 memoria
721 1563 838 1598 abiitf·
887 1564 1034 1598 Interim
1071 1575 1157 1598 cum
1192 1564 1228 1598 in
1262 1571 1393 1598 senatu

127 1610 276 1644 vicisset
295 1610 486 1654 sententia,
507 1621 600 1656 quae
627 1610 804 1644 censebat
830 1610 1016 1644 reddenda
1034 1610 1140 1655 bona,
1159 1622 1316 1655 eamque
1343 1611 1393 1656 ip-

128 1668 209 1692 sam
236 1668 387 1692 causam
418 1668 540 1692 morae
569 1658 603 1691 in
632 1657 720 1692 urbe
750 1656 927 1692 haberent
958 1657 1078 1703 legati,
1106 1658 1202 1703 quod
1232 1658 1394 1703 spatium

127 1703 174 1738 ad
201 1703 373 1739 vehicula
404 1704 649 1750 comparanda
682 1716 704 1738 a
737 1704 949 1739 consulibus
976 1705 1228 1750 sumpsissent,
1255 1704 1392 1750 quibus

108 1795 114 1801 ”
169 1797 181 1816 ¹
197 1795 297 1827 ‘And
313 1796 421 1832 these,
441 1803 508 1832 too,
527 1802 583 1826 not
600 1795 638 1826 os
655 1795 720 1826 low
744 1795 854 1826 birth.’
900 1795 945 1826 Et
969 1797 1010 1831 iz,
1035 1806 1082 1832 or,
1110 1796 1312 1836 negatively,
1338 1808 1395 1827 nec

127 1836 390 1908 ἓᾞεᾳῳοῑίωθε
412 1836 495 1868 with
518 1836 575 1867 the
598 1835 744 1867 addition
768 1835 806 1866 os
823 1837 962 1876 quidem,
987 1836 1082 1876 gives
1104 1847 1123 1868 a
1145 1847 1235 1868 more
1259 1836 1392 1876 specific

151 1885 168 1907 e
196 1883 309 1907 nition.

167 1915 420 1952 ’Intransitive.
445 1926 493 1952 or,
519 1926 555 1947 as
578 1925 629 1946 we
652 1925 730 1955 may
745 1915 815 1948 also
836 1926 907 1956 say,
925 1916 1008 1948 with
1030 1916 1087 1948 the
1110 1917 1270 1948 omission
1291 1915 1330 1948 of
1346 1928 1391 1948 se.

129 1954 194 1987 See
213 1955 323 1988 Gram.
341 1956 359 1990 ᾗ
376 1959 447 1992 248,
467 1963 544 1987 note
560 1958 589 1986 2.
1041 1990 1044 1991 ⁷
1126 1969 1131 1973 ·

168 1995 181 2014 ²
194 1995 260 2027 We
275 1996 320 2027 mi
345 1996 382 2027 ht
398 1996 518 2035 supply
533 2001 692 2032 senatum,
711 1996 887 2035 ‘occupied
902 1997 957 2028 the
971 1997 1110 2028 senate!
1157 1996 1223 2028 But
1241 1997 1296 2028 the
1310 1998 1391 2028 verb

128 2044 157 2066 ts
179 2034 329 2074 frequent
345 2046 367 2075 y
382 2036 464 2068 used
485 2037 530 2075 by
547 2035 631 2074 Livy
648 2036 682 2066 in
704 2046 746 2067 an
768 2036 975 2069 intransitive
998 2047 1109 2074 sense,
1138 2040 1146 2053 ⁴
1158 2044 1192 2067 to
1208 2037 1387 2068 continue.'

127 2073 295 2119 pompare
311 2076 331 2107 i.
347 2078 378 2111 4,
399 2083 486 2107 note.

167 2115 294 2146 ⁴Some
318 2116 539 2154 manuscripts
561 2115 639 2146 read
662 2122 756 2151 esset,
785 2116 896 2148 which
919 2116 1183 2157 grammatically
1206 2116 1234 2147 is
1257 2116 1391 2156 equally

128 2162 266 2189 correct.
292 2155 451 2195 referring
474 2162 506 2186 to
529 2155 585 2185 the
610 2155 672 2186 last
697 2156 882 2194 predicate:
907 2158 1054 2194 materia,
1079 2157 1114 2188 in
1136 2156 1192 2188 the
1215 2155 1390 2196 figurative

127 2203 227 2225 sense
243 2194 281 2226 of
294 2198 302 2212 ⁴
314 2194 382 2226 fuel
397 2195 446 2227 for
461 2195 517 2226 the
534 2194 632 2226 flame
648 2195 686 2226 of
696 2196 786 2227 war.⁷

130 2233 301 2306 in‘ss‘lgied
316 2242 385 2273 out,
403 2235 580 2276 perished.'
625 2234 759 2267 Interiit
782 2236 846 2268 and
869 2238 1033 2270 intercidit
1049 2247 1103 2269 are
1119 2246 1211 2268 more
1233 2245 1391 2269 common

260 2284 369 2308 sense.
