1507 2492
638 123 764 148 LtBER
792 124 876 148 xxi.
1304 116 1382 151 239

126 196 226 243 dum,
253 196 400 241 milites,
428 201 493 241 est,
521 196 585 231 ubi
612 196 766 241 primum
795 196 888 230 hosti
915 197 1132 231 occurristis.
1186 198 1231 232 Et
1250 199 1383 234 eadem

126 244 267 279 fortuna
283 254 378 290 quae
395 243 655 277 necessitatem
681 243 866 289 pugnandi
893 244 1075 290 imposuit,
1095 245 1260 290 praemia
1278 246 1383 280 vobis

127 302 172 325 ea
196 290 395 325 victoribus
419 290 595 335 proponit,
615 291 748 335 quibus
772 291 950 336 ampliora
972 291 1140 326 homines
1168 302 1214 325 ne
1237 291 1285 326 ab
1311 293 1382 327 diis

127 338 276 384 quidem
303 337 568 372 immortalibus
592 343 714 382 optare
742 338 868 371 solent.
920 338 954 372 Si
983 338 1142 372 Siciliam
1172 345 1312 373 tantum
1338 351 1382 374 ac

127 384 328 419 Sardiniam
356 384 566 429 parentibus
593 384 721 418 nostris
750 390 894 430 ereptas
926 391 1046 419 nostra
1073 386 1204 419 virtute
1232 397 1380 432 recupe-

127 432 236 466 raturi
254 442 430 475 essemus,
450 433 538 465 satis
563 436 688 466 tamen
712 431 835 476 ampla
860 432 975 476 pretia
994 439 1126 466 essent.
1186 432 1379 478 Quicquid¹

124 478 277 513 Romani
311 485 360 512 tot
394 477 587 523 triumphis
620 484 760 522 partum
795 485 1082 524 congestumque
1116 479 1311 525 possident,
1342 480 1379 514 id

123 536 232 559 omne
267 532 427 559 vestrum
461 536 547 558 cum
583 525 670 570 ipsis
702 525 861 559 dominis
894 526 1055 560 futurum
1090 533 1156 560 est.
1208 527 1249 560 In
1283 527 1379 561 hanc

122 578 196 606 tam
230 573 389 618 opimam
415 571 639 615 mercedem,
667 572 773 616 agite,
802 584 886 606 curn
914 572 985 606 diis
1018 573 1112 607 bene
1144 574 1377 618 juvantibus²

119 630 222 653 arma
247 619 378 664 capite.
430 618 523 653 Satis
551 618 671 652 adhuc
702 620 736 652 in
767 619 878 653 vastis
905 619 1113 653 Lusitaniae
1144 619 1377 655 Celtiberiae-

120 677 192 711 que
211 666 394 701 montibus
412 676 543 711 pecora
569 665 814 699 consectando
840 666 981 700 nullum
1008 667 1297 701 emolumentum
1326 673 1378 702 tot

120 712 285 748 laborum
326 712 645 758 periculorumque
688 719 890 747 vestrorum
933 713 1096 748 vidistis:
1141 722 1287 759 tempus
1320 720 1377 748 est

117 759 192 805 jam
221 760 391 806 opulenta
410 771 472 793 vos
489 771 532 793 ac
550 759 640 793 ditia
664 759 843 805 stipendia
870 760 1006 794 sacere³
1037 767 1073 794 et
1092 772 1225 803 magna
1244 773 1375 806 operae

120 807 236 852 pretia
268 807 411 852 mereri,
448 813 590 840 tanturn
626 807 764 840 itineris
796 819 860 851 per
893 813 943 840 tot
976 814 1119 841 montes
1152 808 1375 853 fluminaque

119 859 155 887 et
174 859 223 888 tot
240 860 399 888 armatas
415 860 544 898 gentes
562 864 743 887 emensos.
795 854 863 887 Hic
876 854 981 888 vobis
994 855 1190 888 terminum
1210 854 1374 889 laborum

118 900 262 935 fortuna
287 901 412 946 dedit3
453 899 512 934 hic
545 900 694 945 dignam
728 900 939 934 mercedem
975 902 1138 935 emeritis
1172 901 1374 946 stipendiis²

118 947 231 982 dabit.
281 949 360 983 Nec
378 959 490 993 quam
517 948 638 991 magni
666 948 821 982 nominis
847 948 983 982 bellum
1004 954 1069 992 est,
1091 955 1164 982 tam
1184 949 1374 983 difficilem

117 994 382 1029 existimaritis⁵
416 995 601 1029 victoriam
635 994 720 1028 fore.
782 995 897 1040 Saepe
927 1002 963 1028 et
997 1002 1228 1040 contemptus
1261 995 1375 1030 hostis

117 1042 308 1076 cruentum
331 1051 517 1076 certamen
545 1041 668 1086 edidit,
689 1049 725 1075 et
752 1041 864 1076 incliti
894 1042 1014 1087 populi
1043 1054 1218 1087 regesque
1237 1043 1373 1088 perlevi

117 1095 302 1123 momento
322 1089 408 1123 victi
427 1094 520 1122 sunt.
572 1089 667 1122 Nam
699 1089 848 1133 dempto
878 1088 946 1122 hoc
971 1100 1041 1122 uno
1061 1089 1198 1133 fulgore
1218 1090 1373 1124 nominis

117 1134 282 1180 Romani,
301 1136 389 1180 quid
409 1141 463 1169 est
482 1146 545 1169 cur
564 1135 615 1169 illi
634 1135 737 1169 vobis
757 1135 992 1179 comparandi
1020 1136 1117 1169 sint?
1168 1136 1215 1170 Ut
1243 1136 1371 1180 viginti

115 1193 292 1216 annorum
319 1182 489 1216 militiam
519 1187 677 1216 vestram
707 1193 792 1215 cum
822 1182 896 1215 ἰΙΙῑῑ6
931 1183 1073 1226 virtute,
1100 1194 1185 1217 cum
1214 1183 1275 1216 illa
1304 1183 1372 1217 sor-

117 1234 204 1262 tuna
235 1237 388 1274 taceam,
415 1228 462 1262 ab
489 1228 658 1262 Herculis
676 1228 865 1273 columnis,
889 1229 934 1263 ab
961 1229 1106 1263 Oceano
1134 1230 1372 1275 terminisque

115 1276 255 1309 ultimis
284 1283 469 1318 terrarum,
501 1286 565 1321 per
591 1281 640 1309 tot
667 1275 910 1310 ferocissimos
938 1276 1134 1320 Hispaniae
1165 1282 1201 1311 et
1231 1277 1371 1312 Galliae

115 1322 266 1368 populos
295 1322 483 1357 vincentes
511 1321 584 1356 huc
612 1323 846 1368 pervenistis:
875 1323 1087 1368 pugnabitis
1105 1335 1189 1358 cum
1208 1325 1372 1358 exercitu

117 1369 241 1415 tirone,
275 1369 345 1404 hac
378 1370 456 1415 ipsa
487 1375 626 1403 aestate
653 1380 769 1414 caes0,
799 1370 904 1414 victo,
933 1370 1173 1404 circumsesso
1196 1382 1217 1404 a
1243 1371 1369 1417 Gallis,

114 1416 235 1460 ignoto
268 1416 389 1451 adhuc
423 1416 507 1450 duci
541 1427 605 1450 suo
648 1417 898 1461 ignorantique
932 1417 1078 1451 ducem.
1145 1420 1203 1452 An
1238 1430 1298 1452 me
1333 1418 1371 1453 in

114 1463 292 1508 praetorio
321 1463 442 1509 patris,
474 1463 665 1497 clarissimi
696 1464 933 1509 imperatoris,
965 1475 1074 1509 prope
1104 1471 1240 1507 natum,
1270 1471 1370 1499 certe

114 1510 533 1557 eductumkdomitorem
553 1510 746 1554 Hispaniae
764 1510 990 1555 Galliaeque,
1012 1511 1186 1545 victorem
1206 1512 1368 1547 eundem

113 1568 182 1591 non
218 1557 431 1602 Alpinarum
467 1556 572 1590 modo
605 1556 770 1601 gentium
810 1557 873 1591 sed
916 1559 1085 1602 ipsarum,
1123 1559 1220 1602 quod
1255 1559 1370 1593 multo

113 1603 232 1649 majus
250 1610 314 1649 est,
334 1604 492 1649 Alpium,
513 1615 597 1637 cum
625 1604 790 1637 semestri
818 1603 884 1637 hoc
911 1604 1097 1638 conferam
1123 1605 1229 1651 duce,
1249 1605 1370 1639 deser-

115 1656 189 1685 tore
223 1652 404 1686 exercitus
437 1650 545 1684 suiv
602 1650 668 1684 Cui
703 1651 731 1684 si
765 1651 846 1696 quis
879 1650 1040 1696 demptis
1073 1651 1187 1696 signis
1230 1652 1371 1686 Poenos

153 1753 266 1790 ¹'Here
289 1769 329 1790 an
353 1758 559 1789 adversative
583 1756 718 1795 particle
737 1756 763 1787 is
780 1756 999 1795 suppressed3
1022 1760 1096 1788 ‘not
1122 1757 1248 1797 merely
1265 1757 1368 1796 Sicily

112 1799 174 1831 and
191 1799 352 1835 Sardinia,
372 1800 430 1829 but
447 1798 555 1828 rather
571 1796 726 1828 all——will
742 1798 879 1827 become
902 1797 1025 1836 yours.'

151 1851 163 1868 ²
180 1849 260 1881 Cum
275 1849 380 1889 might
398 1848 482 1880 have
499 1849 584 1879 been
600 1846 758 1878 omitted:
784 1843 833 1877 for
849 1857 899 1877 we
916 1857 973 1885 say
991 1846 1097 1878 either
1111 1849 1167 1878 deo
1175 1848 1317 1887 juvante
1332 1858 1369 1879 or

111 1901 183 1921 cum
195 1891 261 1921 deo.

151 1944 163 1961 ⁸
176 1941 228 1971 As
242 1947 276 1971 to
293 1940 359 1971 this
375 1939 613 1974 construction,
633 1948 689 1969 see
710 1938 819 1969 Gram.
838 1938 855 1971 ᾖ
872 1940 944 1974 396,
963 1944 1040 1969 note
1054 1941 1082 1970 3.

150 1993 162 2010 ⁴
179 1994 186 2008 ‘
201 1991 314 2022 When
329 2001 412 2030 your
427 1990 552 2022 service
566 1989 650 2021 shall
668 1990 707 2020 be
724 1988 865 2020 finished
877 1989 899 2026 ;’
915 1988 985 2019 that
1002 1988 1042 2025 is,
1059 1995 1089 2019 at
1107 1988 1162 2019 the
1180 1988 1243 2019 end
1259 1988 1296 2019 of
1308 1987 1364 2019 the

114 2041 242 2101 wssrNec
258 2070 515 2101 existimaritis:
525 2075 552 2100 et
570 2070 669 2100 nolite
685 2069 876 2099 existimare.
922 2068 986 2099 See
1006 2068 1115 2099 Grani.
1134 2068 1151 2100 <>
1169 2069 1240 2099 369.

145 2122 225 2173 :As
240 2127 274 2151 to
290 2122 346 2152 ille
360 2119 442 2151 used
459 2119 495 2151 of
506 2119 594 2150 what
611 2119 638 2150 is
651 2119 728 2150 well
745 2119 866 2150 known
882 2129 918 2150 or
933 2119 1133 2155 celebrated,
1149 2129 1205 2149 see
1223 2118 1359 2156 Zumpt.

115 2161 128 2195 ξ’
148 2163 227 2230 {cille
243 2200 323 2231 calls
339 2199 395 2230 the
420 2199 550 2231 Roman
566 2198 681 2230 consul
696 2209 715 2229 a
730 2198 781 2229 six
797 2199 941 2230 months'
960 2197 1105 2238 general,
1125 2199 1266 2228 because
1283 2197 1362 2236 only

108 2239 182 2271 half
199 2239 254 2270 the
271 2250 349 2278 year
364 2250 433 2270 was
456 2238 564 2270 suited
587 2238 635 2269 for
658 2238 801 2277 military
824 2239 1021 2277 operations.
1068 2237 1177 2275 Scipio
1201 2237 1263 2268 had
1287 2243 1360 2267 sent

108 2280 160 2311 his
176 2289 270 2318 army
286 2285 320 2310 to
337 2279 449 2318 Spain,
468 2278 531 2310 and
544 2277 658 2318 placed
675 2278 813 2310 himself
830 2286 862 2309 at
879 2279 935 2309 the
959 2277 1042 2309 head
1058 2277 1095 2308 of
1112 2276 1268 2307 another:
1293 2276 1361 2307 this

107 2321 136 2351 is
152 2319 230 2371 ltere
246 2318 388 2359 brought
404 2328 460 2357 up,
478 2318 543 2350 and
566 2319 610 2356 by
626 2317 681 2349 the
699 2318 789 2350 word
811 2321 955 2350 desertor
971 2317 1101 2348 thrown
1124 2316 1252 2355 against
1275 2316 1355 2352 him,
