1507 2492
649 83 778 111 nnn
802 82 829 108 1.
1315 63 1369 100 95

102 167 239 214 Egerii·
273 165 380 211 filius,
414 162 542 199 incidit
574 160 622 196 de
656 157 830 194 uxoribus
861 152 1022 190 mentio:
1065 161 1171 186 suam
1211 150 1370 195 quisque

102 215 252 252 laudare
285 212 390 250 miris
421 210 552 246 modis.
605 207 693 244 Inde
733 203 934 240 certamine
966 210 1134 244 accenso,
1168 196 1372 232 Collatinus

102 270 213 310 negat
230 262 353 298 verbis
376 270 470 306 opus
494 267 598 292 esse:
628 253 755 302 paucis
783 252 814 286 id
842 249 991 297 quidem
1021 247 1116 282 horis
1141 256 1247 292 posse
1274 242 1369 287 sciri,

103 317 280 358 quantum
299 309 434 344 ceteris
459 311 620 352 praestet
649 300 817 337 Lucretia
836 310 912 333 sua.
967 294 1109 335 ί(ὶυίιι,2
1135 295 1164 328 si
1193 294 1292 336 vigor
1315 290 1371 336 ju-

103 365 237 393 ventae
271 357 376 401 inest‚
406 351 689 389 conscendimus
717 359 831 393 equos
861 345 1125 388 invisimusque
1158 346 1374 386 praesentes

103 411 307 442 nostrarum
344 401 514 448 ingenia?
583 399 621 434 Id
657 397 791 442 cuique
825 391 1138 439 spectatissimum
1170 387 1244 432 sit,³
1275 384 1372 431 quod

103 453 319 500 necopinato
339 452 402 485 viri
430 449 590 483 adventu
617 443 811 479 occurrerit
837 440 978 475 oculis.y
1031 436 1260 473 Incaluerant
1278 433 1373 466 vino.

107 502 210 546 ‘Age
244 499 358 543 sane,²
392 508 534 532 omnes.
596 493 727 529 Citatis
759 502 864 536 equis
897 486 1043 522 avolant
1077 485 1244 520 Romam.
1295 480 1375 519 Quo

105 559 194 584 cum
219 547 347 594 primis
372 557 412 580 se
439 540 712 579 intendentibus
738 538 897 572 tenebris
931 534 1192 581 pervenissent,
1220 534 1376 576 pergunt

107 595 191 631 inde
208 594 412 637 Collatiam⁷
434 591 495 627 ubi
525 589 728 625 Lucretiam
759 586 1040 630 haudquaquam
1062 588 1097 614 ut
1119 590 1234 623 regas
1252 587 1375 619 nurus,

106 654 199 690 quas
229 645 264 678 in
293 641 459 676 convivio
490 639 649 683 luxuque
678 647 764 669 cum
793 631 1010 678 aequalibus
1039 628 1201 662 viderant
1230 632 1378 669 tempus

108 697 282 736 terentes,
316 689 380 725 sed
417 694 522 723 nocte
555 696 637 719 sera
669 682 835 717 deditam
878 679 983 713 lanae
1019 677 1111 710 inter
1144 672 1379 708 lucubrantes

107 738 260 774 ancittas
293 738 328 772 in
364 735 485 771 medio
512 733 674 767 aedium⁴
704 729 898 764 sedentem
932 724 1131 759 inveniunt.
1183 718 1379 756 Muliebris

108 785 322 821 certaminis
348 784 427 818 laus
455 793 570 829 penes
599 778 805 814 Lucretiam
836 775 916 809 suit.
968 770 1184 807 Adveniens
1211 768 1264 801 vir
1292 766 1379 800 Tar·

108 834 298 880 quiniique
326 829 472 877 excepti
504 829 675 872 benigne.
728 825 851 859 Victor
881 821 1034 856 maritus
1067 818 1222 852 comiter
1252 815 1379 848 invitat

109 881 229 928 regios
253 881 420 928 juvenes.
473 876 525 912 tbi
553 876 636 910 Sex.
656 871 898 918 Tarquinium
927 869 1023 903 mala
1051 866 1160 900 libido
1188 862 1379 898 Lucretiae

110 940 176 976 per
193 940 267 964 vim
286 925 506 973 stuprandae
532 923 652 969 capit:
680 932 767 955 cnm
795 919 910 953 forma
938 924 1014 950 tum
1043 920 1207 960 spectata
1232 910 1383 945 castitas

111 978 249 1013 incitat.
301 976 347 1013 Et
375 981 454 1009 tum
481 971 633 1018 quidem
653 969 700 1004 ab
719 975 894 1003 nocturno
920 963 1081 1010 juvenali
1104 962 1188 995 ludo
1208 959 1242 993 in
1261 964 1382 992 castra

111 1026 277 1061 redeunt.
331 1022 462 1059 Paucis
495 1018 698 1065 interjectis
731 1015 864 1050 diebus
895 1012 977 1047 Sex.
1006 1008 1236 1055 Tarquinius,
1266 1005 1381 1041 inscio

111 1073 298 1118 Collatino,
327 1082 412 1106 cnm
447 1067 583 1103 comite
614 1076 684 1100 uno
718 1062 911 1098 Collatiam
943 1059 1053 1093 venit.
1105 1056 1175 1091 Ubi
1204 1060 1383 1105 exceptus

112 1121 271 1166 benigne
303 1119 352 1154 ab
386 1116 520 1162 ignaris
547 1112 701 1156 consilii,
732 1122 817 1144 cum
848 1115 927 1154 post
956 1116 1109 1140 coenam
1141 1105 1174 1137 in
1201 1099 1382 1147 hospitale

113 1167 323 1203 cubiculum
341 1164 525 1199 deductus
542 1168 650 1202 esset,
670 1168 795 1192 amore
820 1156 965 1195 ardens⁷
985 1160 1178 1199 postquam
1197 1149 1286 1183 satis
1306 1153 1384 1182 tuta

114 1217 213 1250 circa
240 1213 423 1260 sopitique
448 1221 578 1244 omnes
598 1206 825 1248 videbantur⁷
847 1203 970 1236 stricto
996 1199 1117 1245 gladio
1135 1198 1180 1232 ad
1200 1195 1382 1231 dormien-

115 1269 193 1298 tem
225 1262 437 1297 Lucretiam
469 1257 583 1294 venit.
618 1255 835 1298 sinistraque
878 1260 989 1284 manu
1033 1246 1197 1282 mulieris
1235 1251 1383 1289 pectore

115 1320 287 1357 oppresso
323 1308 454 1350 ‘Tace‚
490 1302 683 1347 Lucretia‚⁷
716 1299 844 1345 inquit.
898 1297 1000 1331 ‘Sex
1030 1292 1250 1339 Tarquinius
1278 1300 1383 1335 sum;

116 1357 256 1393 ferrum
289 1356 324 1390 in
359 1365 469 1390 manu
504 1358 580 1386 est:
615 1349 781 1392 moriere,
817 1347 846 1380 si
881 1343 1050 1379 emiseris
1083 1339 1237 1375 vocem.’
1290 1338 1384 1372 Cum

117 1405 250 1452 pavida
275 1415 322 1439 ex
347 1412 472 1437 somno
493 1399 624 1434 mulier
642 1396 778 1432 nullam
805 1405 924 1439 opem⁷
946 1402 1054 1438 prope
1083 1395 1237 1424 mortem
1266 1385 1383 1420 immi-

117 1460 268 1488 nentem
292 1450 446 1494 videret‚
474 1455 551 1483 tum
576 1444 797 1491 Tarquinius
822 1440 929 1476 fateri
954 1449 1128 1481 amorem,
1156 1446 1269 1478 orare,
1298 1433 1384 1468 mis-

118 1511 203 1535 cere
237 1499 409 1546 precibus
437 1497 566 1536 minas,
597 1502 742 1527 versare
779 1490 812 1523 in
849 1499 978 1522 omnes
1012 1493 1131 1531 partes
1166 1480 1385 1517 muliebrem

118 1548 298 1582 animum.
365 1544 435 1580 Ubi
476 1542 695 1577 obstinatam
731 1536 882 1571 videbat
915 1542 951 1568 et
985 1544 1031 1567 ne
1065 1531 1192 1566 mortis
1233 1528 1387 1574 quidem

119 1602 220 1630 metu
240 1592 417 1637 inclinari,
437 1589 541 1625 addit
566 1590 611 1623 ad
632 1595 773 1622 metum
792 1583 976 1618 dedecus:
1005 1591 1087 1614 cum
1116 1584 1258 1612 mortua
1282 1575 1386 1621 jugu-

120 1642 235 1678 latum
261 1651 411 1676 servum
435 1637 575 1673 nudum
602 1636 804 1682 positurum
830 1631 890 1674 ait,
912 1636 948 1664 ut
976 1629 1008 1662 in
1038 1624 1183 1661 sordido
1207 1623 1387 1658 adulterio

119 1695 253 1726 necata
277 1688 431 1724 dicatur.
482 1685 562 1724 Quo
585 1690 723 1719 terrore
750 1691 837 1714 cum
864 1678 1011 1711 vicisset
1035 1673 1256 1709 obstinatam
1283 1669 1388 1717 pudi-

120 1737 250 1773 citiam
284 1735 385 1770 velut
419 1733 548 1768 victrix
581 1730 721 1772 libido,⁵
755 1726 1009 1773 profectusque
1045 1720 1128 1756 inde
1169 1718 1390 1764 Tarquinius

122 1784 224 1821 ferox
240 1790 448 1831 expugnato
464 1779 597 1815 decore
617 1775 786 1812 muliebri
805 1780 912 1817 esset,
934 1770 1100 1806 Lucretia
1127 1775 1269 1802 maesta
1290 1773 1389 1800 tanto

121 1834 219 1870 malo
249 1832 419 1867 nuntium
445 1829 600 1865 Romam
633 1824 792 1860 eundem
825 1821 872 1855 ad
905 1827 1046 1866 patrem
1076 1815 1313 1860 Ardeamque
1341 1813 1388 1848 ad

1193 1891 1385 1896 *s--

164 1950 175 1968 ¹
189 1947 253 1979 See
270 1946 291 1978 i.
307 1947 360 1982 34,
379 1943 442 1976 and
458 1944 510 1977 38,
528 1942 571 1972 ad
587 1940 661 1971 init.

163 1989 178 2008 ²
190 1987 255 2020 See
272 1987 292 2018 i.
308 1988 363 2022 45.
379 1992 457 2016 note
473 1993 515 2014 on
530 1982 622 2021 quin.

163 2030 178 2048 ⁸
192 2032 200 2045 ¹
213 2027 300 2059 This
316 2025 385 2058 witt
400 2026 441 2056 be
459 2029 544 2055 most
561 2019 686 2052 certain
709 2017 867 2049 evidence
891 2022 926 2046 to
947 2013 1030 2046 each
1053 2011 1091 2043 os
1109 2011 1180 2042 us:'
1199 2014 1388 2051 spectatum,

129 2072 137 2087 ‘
149 2066 324 2101 examined
341 2065 437 2099 into.’
460 2068 468 2080 ⁴
480 2061 576 2094 made
593 2058 772 2091 manifest)

165 2111 178 2129 ⁴
194 2108 253 2140 ‘In
277 2107 333 2139 the
356 2104 480 2138 middle
503 2102 541 2134 of
565 2101 620 2131 the
645 2098 773 2130 house.’
820 2096 859 2128 In
883 2096 939 2127 the
963 2094 1094 2126 ancient
1117 2091 1243 2130 private
1268 2089 1392 2119 houses

126 2148 266 2181 covered
284 2147 370 2180 hails
379 2141 586 2178 surrounded
596 2151 636 2172 an
647 2148 735 2180 open
745 2145 849 2169 court.
895 2136 1009 2167 These
1024 2133 1109 2165 halls
1123 2141 1210 2162 were
1228 2129 1283 2160 the
1300 2138 1391 2159 com-

127 2199 207 2222 mon
221 2199 332 2221 rooms
347 2186 385 2219 of
402 2185 458 2217 the
465 2184 600 2224 familia
618 2181 700 2216 (that
716 2177 754 2214 is,
767 2177 979 2213 domestics);
1005 2174 1061 2205 the
1075 2172 1201 2212 private
1217 2169 1394 2201 chambers

129 2238 218 2260 were
233 2227 377 2260 situsted
393 2224 497 2258 round
513 2223 570 2254 the
587 2220 682 2252 halls.

152 2267 272 2340 ez'l‘he-
287 2267 354 2299 lust
365 2277 436 2298 was
448 2272 505 2297 not
518 2264 552 2295 in
564 2260 680 2300 reatity
695 2259 750 2290 the
763 2267 958 2296 conqueror,
974 2256 1032 2286 but
1047 2251 1172 2290 merely
1186 2247 1390 2289 apparently.

129 2321 150 2341 v
183 2313 218 2339 ut
235 2308 361 2340 victrix.
