<?xml version="1.0" encoding="UTF-8"?>
<!DOCTYPE html PUBLIC "-//W3C//DTD XHTML 1.0 Transitional//EN"
    "http://www.w3.org/TR/xhtml1/DTD/xhtml1-transitional.dtd">
<html xmlns="http://www.w3.org/1999/xhtml" xml:lang="en" lang="en">
 <head>
  <title>
</title>
<meta http-equiv="Content-Type" content="text/html;charset=utf-8" />
  <meta name='ocr-system' content='tesseract 3.04.00' />
  <meta name='ocr-capabilities' content='ocr_page ocr_carea ocr_par ocr_line ocrx_word'/>
</head>
<body>
  <div class='ocr_page' id='page_1' title='image "./historiarumlibri00livyuoft_0147.png"; bbox 0 0 1507 2492; ppageno 0'>
   <div class='ocr_carea' id='block_1_1' title="bbox 690 115 1414 152">
    <p class='ocr_par' dir='ltr' id='par_1_1' title="bbox 690 115 1414 152">
     <span class='ocr_line' id='line_1_1' title="bbox 690 115 1414 152; baseline -0.001 -1"><span class='ocrx_word' id='word_1_1' title='bbox 690 124 817 151; x_wconf 70' lang='lat' dir='ltr'>mnan</span> <span class='ocrx_word' id='word_1_2' title='bbox 844 125 887 152; x_wconf 88' lang='lat'>11.</span> <span class='ocrx_word' id='word_1_3' title='bbox 1338 115 1414 151; x_wconf 88' lang='lat'>133</span> 
     </span>
    </p>
   </div>
   <div class='ocr_carea' id='block_1_2' title="bbox 153 197 1449 1844">
    <p class='ocr_par' dir='ltr' id='par_1_2' title="bbox 154 197 1419 1279">
     <span class='ocr_line' id='line_1_2' title="bbox 154 197 1416 244; baseline -0.002 -10"><span class='ocrx_word' id='word_1_4' title='bbox 154 198 270 234; x_wconf 83' lang='lat' dir='ltr'>fuisse</span> <span class='ocrx_word' id='word_1_5' title='bbox 286 198 426 234; x_wconf 86' lang='lat' dir='ltr'>Romae</span> <span class='ocrx_word' id='word_1_6' title='bbox 443 197 514 234; x_wconf 84' lang='lat' dir='ltr'>nisi</span> <span class='ocrx_word' id='word_1_7' title='bbox 531 198 719 244; x_wconf 87' lang='lat' dir='ltr'>publicum</span> <span class='ocrx_word' id='word_1_8' title='bbox 737 199 944 233; x_wconf 89' lang='lat' dir='ltr'>concilium.</span> <span class='ocrx_word' id='word_1_9' title='bbox 995 199 1102 234; x_wconf 91' lang='lat' dir='ltr'>Nunc</span> <span class='ocrx_word' id='word_1_10' title='bbox 1120 199 1156 233; x_wconf 89' lang='lat' dir='ltr'>in</span> <span class='ocrx_word' id='word_1_11' title='bbox 1174 197 1275 233; x_wconf 90' lang='lat' dir='ltr'>mille</span> <span class='ocrx_word' id='word_1_12' title='bbox 1298 199 1416 233; x_wconf 79' lang='lat' dir='ltr'>curias</span> 
     </span>
     <span class='ocr_line' id='line_1_3' title="bbox 155 246 1416 292; baseline -0.001 -11"><span class='ocrx_word' id='word_1_13' title='bbox 155 246 424 292; x_wconf 83' lang='lat' dir='ltr'>contionesque,</span> <span class='ocrx_word' id='word_1_14' title='bbox 455 257 539 281; x_wconf 91' lang='lat' dir='ltr'>cum</span> <span class='ocrx_word' id='word_1_15' title='bbox 568 246 640 280; x_wconf 89' lang='lat' dir='ltr'>alia</span> <span class='ocrx_word' id='word_1_16' title='bbox 671 246 705 280; x_wconf 91' lang='lat' dir='ltr'>in</span> <span class='ocrx_word' id='word_1_17' title='bbox 735 247 918 292; x_wconf 81' lang='lat' dir='ltr'><strong>Esquiliis,</strong></span> <span class='ocrx_word' id='word_1_18' title='bbox 947 246 1018 280; x_wconf 89' lang='lat' dir='ltr'>alia</span> <span class='ocrx_word' id='word_1_19' title='bbox 1046 246 1081 280; x_wconf 90' lang='lat' dir='ltr'>in</span> <span class='ocrx_word' id='word_1_20' title='bbox 1114 246 1295 281; x_wconf 88' lang='lat' dir='ltr'>Aventino</span> <span class='ocrx_word' id='word_1_21' title='bbox 1328 246 1416 280; x_wconf 88' lang='lat' dir='ltr'>fiant</span> 
     </span>
     <span class='ocr_line' id='line_1_4' title="bbox 155 293 1417 340; baseline 0 -12"><span class='ocrx_word' id='word_1_22' title='bbox 155 293 319 340; x_wconf 88' lang='lat' dir='ltr'>concilia,</span> <span class='ocrx_word' id='word_1_23' title='bbox 337 293 541 338; x_wconf 85' lang='lat' dir='ltr'>dispersam</span> <span class='ocrx_word' id='word_1_24' title='bbox 560 300 595 328; x_wconf 88' lang='lat' dir='ltr'>et</span> <span class='ocrx_word' id='word_1_25' title='bbox 613 293 828 339; x_wconf 82' lang='lat' dir='ltr'>dissipatam</span> <span class='ocrx_word' id='word_1_26' title='bbox 848 305 929 328; x_wconf 82' lang='lat' dir='ltr'>esse</span> <span class='ocrx_word' id='word_1_27' title='bbox 948 305 1023 328; x_wconf 90' lang='lat' dir='ltr'>rem</span> <span class='ocrx_word' id='word_1_28' title='bbox 1048 293 1242 339; x_wconf 83' lang='lat' dir='ltr'>publicam.</span> <span class='ocrx_word' id='word_1_29' title='bbox 1294 293 1417 328; x_wconf 90' lang='lat' dir='ltr'>Unum</span> 
     </span>
     <span class='ocr_line' id='line_1_5' title="bbox 155 340 1417 386; baseline -0.001 -11"><span class='ocrx_word' id='word_1_30' title='bbox 155 340 305 376; x_wconf 80' lang='lat' dir='ltr'><strong>hercule</strong></span> <span class='ocrx_word' id='word_1_31' title='bbox 340 341 458 376; x_wconf 84' lang='lat' dir='ltr'>virum</span> <span class='ocrx_word' id='word_1_32' title='bbox 493 341 544 386; x_wconf 87' lang='lat' dir='ltr'>(id</span> <span class='ocrx_word' id='word_1_33' title='bbox 577 342 672 375; x_wconf 88' lang='lat' dir='ltr'>enim</span> <span class='ocrx_word' id='word_1_34' title='bbox 705 340 787 386; x_wconf 89' lang='lat' dir='ltr'>plus</span> <span class='ocrx_word' id='word_1_35' title='bbox 816 353 896 375; x_wconf 86' lang='lat' dir='ltr'>esse</span> <span class='ocrx_word' id='word_1_36' title='bbox 925 352 1036 386; x_wconf 87' lang='lat' dir='ltr'>quam</span> <span class='ocrx_word' id='word_1_37' title='bbox 1066 341 1270 386; x_wconf 87' lang='lat' dir='ltr'>consulem)</span> <span class='ocrx_word' id='word_1_38' title='bbox 1299 340 1417 385; x_wconf 88' lang='lat' dir='ltr'>qualis</span> 
     </span>
     <span class='ocr_line' id='line_1_6' title="bbox 155 388 1418 433; baseline -0.001 -10"><span class='ocrx_word' id='word_1_39' title='bbox 155 389 250 433; x_wconf 89' lang='lat' dir='ltr'>App.</span> <span class='ocrx_word' id='word_1_40' title='bbox 278 388 454 423; x_wconf 89' lang='lat' dir='ltr'>Claudius</span> <span class='ocrx_word' id='word_1_41' title='bbox 487 388 603 431; x_wconf 83' lang='lat' dir='ltr'>suerit,</span> <span class='ocrx_word' id='word_1_42' title='bbox 633 396 818 422; x_wconf 89' lang='lat' dir='ltr'>momento</span> <span class='ocrx_word' id='word_1_43' title='bbox 847 389 1021 433; x_wconf 82' lang='lat' dir='ltr'>temporis</span> <span class='ocrx_word' id='word_1_44' title='bbox 1054 388 1302 422; x_wconf 83' lang='lat' dir='ltr'>discussurum</span> <span class='ocrx_word' id='word_1_45' title='bbox 1339 388 1418 422; x_wconf 84' lang='lat' dir='ltr'>illos</span> 
     </span>
     <span class='ocr_line' id='line_1_7' title="bbox 155 434 1417 481; baseline -0.002 -11"><span class='ocrx_word' id='word_1_46' title='bbox 155 442 283 470; x_wconf 87' lang='lat' dir='ltr'>coetus</span> <span class='ocrx_word' id='word_1_47' title='bbox 311 435 433 470; x_wconf 78' lang='lat' dir='ltr'>fuisse.</span> <span class='ocrx_word' id='word_1_48' title='bbox 485 436 645 481; x_wconf 82' lang='lat' dir='ltr'>Correpti</span> <span class='ocrx_word' id='word_1_49' title='bbox 673 435 841 469; x_wconf 86' lang='lat' dir='ltr'>consules</span> <span class='ocrx_word' id='word_1_50' title='bbox 869 446 964 480; x_wconf 76' lang='lat' dir='ltr'>cum,</span> <span class='ocrx_word' id='word_1_51' title='bbox 994 435 1079 480; x_wconf 88' lang='lat' dir='ltr'>quid</span> <span class='ocrx_word' id='word_1_52' title='bbox 1111 446 1196 479; x_wconf 83' lang='lat' dir='ltr'>ergo</span> <span class='ocrx_word' id='word_1_53' title='bbox 1226 446 1264 469; x_wconf 87' lang='lat' dir='ltr'>se</span> <span class='ocrx_word' id='word_1_54' title='bbox 1295 434 1417 469; x_wconf 87' lang='lat' dir='ltr'>facere</span> 
     </span>
     <span class='ocr_line' id='line_1_8' title="bbox 157 481 1415 528; baseline -0.001 -12"><span class='ocrx_word' id='word_1_55' title='bbox 157 481 293 517; x_wconf 86' lang='lat' dir='ltr'>vellent</span> <span class='ocrx_word' id='word_1_56' title='bbox 312 483 419 528; x_wconf 89' lang='lat' dir='ltr'>(nihil</span> <span class='ocrx_word' id='word_1_57' title='bbox 437 483 533 517; x_wconf 91' lang='lat' dir='ltr'>enim</span> <span class='ocrx_word' id='word_1_58' title='bbox 553 483 699 525; x_wconf 74' lang='lat' dir='ltr'>segnius</span> <span class='ocrx_word' id='word_1_59' title='bbox 718 482 921 527; x_wconf 87' lang='lat' dir='ltr'>molliusve,</span> <span class='ocrx_word' id='word_1_60' title='bbox 941 494 1052 528; x_wconf 86' lang='lat' dir='ltr'>quam</span> <span class='ocrx_word' id='word_1_61' title='bbox 1071 482 1236 516; x_wconf 88' lang='lat' dir='ltr'>Patribus</span> <span class='ocrx_word' id='word_1_62' title='bbox 1262 482 1415 528; x_wconf 85' lang='lat' dir='ltr'>placeat,</span> 
     </span>
     <span class='ocr_line' id='line_1_9' title="bbox 155 529 1418 575; baseline -0.001 -11"><span class='ocrx_word' id='word_1_63' title='bbox 155 532 314 575; x_wconf 86' lang='lat' dir='ltr'>acturos)</span> <span class='ocrx_word' id='word_1_64' title='bbox 334 536 662 575; x_wconf 79' lang='lat' dir='ltr'>percunctarentur,</span> <span class='ocrx_word' id='word_1_65' title='bbox 681 529 879 564; x_wconf 86' lang='lat' dir='ltr'>decernunt</span> <span class='ocrx_word' id='word_1_66' title='bbox 907 536 944 563; x_wconf 93' lang='lat' dir='ltr'>ut</span> <span class='ocrx_word' id='word_1_67' title='bbox 971 529 1157 563; x_wconf 72' lang='lat' dir='ltr'>delectum</span> <span class='ocrx_word' id='word_1_68' title='bbox 1183 541 1292 574; x_wconf 91' lang='lat' dir='ltr'>quam</span> <span class='ocrx_word' id='word_1_69' title='bbox 1319 541 1418 564; x_wconf 90' lang='lat' dir='ltr'>acer-</span> 
     </span>
     <span class='ocr_line' id='line_1_10' title="bbox 157 576 1419 622; baseline -0.001 -11"><span class='ocrx_word' id='word_1_70' title='bbox 157 577 289 611; x_wconf 87' lang='lat' dir='ltr'>rimum</span> <span class='ocrx_word' id='word_1_71' title='bbox 324 577 504 611; x_wconf 84' lang='lat' dir='ltr'>habeant:</span> <span class='ocrx_word' id='word_1_72' title='bbox 548 577 621 611; x_wconf 92' lang='lat' dir='ltr'>otio</span> <span class='ocrx_word' id='word_1_73' title='bbox 655 576 821 611; x_wconf 89' lang='lat' dir='ltr'>lascivire</span> <span class='ocrx_word' id='word_1_74' title='bbox 862 576 1021 622; x_wconf 86' lang='lat' dir='ltr'>plebem.</span> <span class='ocrx_word' id='word_1_75' title='bbox 1091 576 1248 611; x_wconf 86' lang='lat' dir='ltr'>Dimisso</span> <span class='ocrx_word' id='word_1_76' title='bbox 1290 583 1419 610; x_wconf 89' lang='lat' dir='ltr'>senatu</span> 
     </span>
     <span class='ocr_line' id='line_1_11' title="bbox 155 623 1417 669; baseline -0.001 -11"><span class='ocrx_word' id='word_1_77' title='bbox 155 623 379 658; x_wconf 86' lang='lat' dir='ltr'>consulesin</span> <span class='ocrx_word' id='word_1_78' title='bbox 415 623 570 659; x_wconf 87' lang='lat' dir='ltr'>tribunal</span> <span class='ocrx_word' id='word_1_79' title='bbox 606 623 819 667; x_wconf 77' lang='lat' dir='ltr'>escendunt,</span> <span class='ocrx_word' id='word_1_80' title='bbox 855 624 965 657; x_wconf 86' lang='lat' dir='ltr'>citant</span> <span class='ocrx_word' id='word_1_81' title='bbox 1000 624 1211 658; x_wconf 89' lang='lat' dir='ltr'>nominatim</span> <span class='ocrx_word' id='word_1_82' title='bbox 1246 623 1417 669; x_wconf 87' lang='lat' dir='ltr'>juniores.</span> 
     </span>
     <span class='ocr_line' id='line_1_12' title="bbox 157 670 1419 716; baseline -0.002 -10"><span class='ocrx_word' id='word_1_83' title='bbox 157 671 250 706; x_wconf 91' lang='lat' dir='ltr'>Cum</span> <span class='ocrx_word' id='word_1_84' title='bbox 278 670 325 705; x_wconf 93' lang='lat' dir='ltr'>ad</span> <span class='ocrx_word' id='word_1_85' title='bbox 354 682 486 706; x_wconf 82' lang='lat' dir='ltr'>nomen</span> <span class='ocrx_word' id='word_1_86' title='bbox 515 682 621 706; x_wconf 89' lang='lat' dir='ltr'>nemo</span> <span class='ocrx_word' id='word_1_87' title='bbox 649 670 893 716; x_wconf 75' lang='lat' dir='ltr'>responderet,</span> <span class='ocrx_word' id='word_1_88' title='bbox 913 670 1138 705; x_wconf 81' lang='lat' dir='ltr'>circumfusa</span> <span class='ocrx_word' id='word_1_89' title='bbox 1164 671 1357 705; x_wconf 83' lang='lat' dir='ltr'>multitudo</span> <span class='ocrx_word' id='word_1_90' title='bbox 1383 671 1419 705; x_wconf 86' lang='lat' dir='ltr'>in</span> 
     </span>
     <span class='ocr_line' id='line_1_13' title="bbox 157 717 1418 770; baseline 0 -18"><span class='ocrx_word' id='word_1_91' title='bbox 157 719 334 753; x_wconf 88' lang='lat' dir='ltr'>contionis</span> <span class='ocrx_word' id='word_1_92' title='bbox 362 718 511 753; x_wconf 90' lang='lat' dir='ltr'>modum</span> <span class='ocrx_word' id='word_1_93' title='bbox 539 729 683 763; x_wconf 81' lang='lat' dir='ltr'>negare,</span> <span class='ocrx_word' id='word_1_94' title='bbox 715 718 806 751; x_wconf 90' lang='lat' dir='ltr'>ultra</span> <span class='ocrx_word' id='word_1_95' title='bbox 835 717 956 770; x_wconf 83' lang='lat' dir='ltr'>decipi</span> <span class='ocrx_word' id='word_1_96' title='bbox 984 718 1128 763; x_wconf 86' lang='lat' dir='ltr'>plebem</span> <span class='ocrx_word' id='word_1_97' title='bbox 1156 729 1282 763; x_wconf 85' lang='lat' dir='ltr'>posse:</span> <span class='ocrx_word' id='word_1_98' title='bbox 1318 719 1418 752; x_wconf 85' lang='lat' dir='ltr'>Nun-</span> 
     </span>
     <span class='ocr_line' id='line_1_14' title="bbox 156 745 1417 811; baseline 0 -12"><span class='ocrx_word' id='word_1_99' title='bbox 156 776 267 811; x_wconf 87' lang='lat' dir='ltr'>quam</span> <span class='ocrx_word' id='word_1_100' title='bbox 286 776 397 799; x_wconf 88' lang='lat' dir='ltr'>unum</span> <span class='ocrx_word' id='word_1_101' title='bbox 427 765 578 800; x_wconf 88' lang='lat' dir='ltr'>militem</span> <span class='ocrx_word' id='word_1_102' title='bbox 586 745 801 809; x_wconf 68' lang='lat' dir='ltr'>ehabituros,</span> <span class='ocrx_word' id='word_1_103' title='bbox 823 777 856 798; x_wconf 83' lang='lat' dir='ltr'>ni</span> <span class='ocrx_word' id='word_1_104' title='bbox 885 771 1124 810; x_wconf 79' lang='lat' dir='ltr'>praestaretur</span> <span class='ocrx_word' id='word_1_105' title='bbox 1142 765 1233 799; x_wconf 86' lang='lat' dir='ltr'>fides</span> <span class='ocrx_word' id='word_1_106' title='bbox 1258 765 1417 811; x_wconf 89' lang='lat' dir='ltr'>publica.</span> 
     </span>
     <span class='ocr_line' id='line_1_15' title="bbox 157 811 1419 864; baseline 0 -18"><span class='ocrx_word' id='word_1_107' title='bbox 157 812 380 847; x_wconf 81' lang='lat' dir='ltr'>Libertatem</span> <span class='ocrx_word' id='word_1_108' title='bbox 422 812 619 864; x_wconf 90' lang='lat' dir='ltr'>unicuique</span> <span class='ocrx_word' id='word_1_109' title='bbox 654 813 751 857; x_wconf 89' lang='lat' dir='ltr'>prius</span> <span class='ocrx_word' id='word_1_110' title='bbox 784 811 1006 845; x_wconf 85' lang='lat' dir='ltr'>reddendam</span> <span class='ocrx_word' id='word_1_111' title='bbox 1043 823 1135 855; x_wconf 83' lang='lat' dir='ltr'>esse,</span> <span class='ocrx_word' id='word_1_112' title='bbox 1171 824 1283 857; x_wconf 87' lang='lat' dir='ltr'>quam</span> <span class='ocrx_word' id='word_1_113' title='bbox 1317 824 1419 846; x_wconf 88' lang='lat' dir='ltr'>arma</span> 
     </span>
     <span class='ocr_line' id='line_1_16' title="bbox 156 858 1417 905; baseline 0 -12"><span class='ocrx_word' id='word_1_114' title='bbox 156 858 287 902; x_wconf 86' lang='lat' dir='ltr'>danda,</span> <span class='ocrx_word' id='word_1_115' title='bbox 317 865 355 894; x_wconf 91' lang='lat' dir='ltr'>ut</span> <span class='ocrx_word' id='word_1_116' title='bbox 384 871 446 905; x_wconf 88' lang='lat' dir='ltr'>pro</span> <span class='ocrx_word' id='word_1_117' title='bbox 475 860 591 905; x_wconf 87' lang='lat' dir='ltr'>patria</span> <span class='ocrx_word' id='word_1_118' title='bbox 618 859 842 904; x_wconf 84' lang='lat' dir='ltr'>civibusque,</span> <span class='ocrx_word' id='word_1_119' title='bbox 873 870 940 893; x_wconf 90' lang='lat' dir='ltr'>non</span> <span class='ocrx_word' id='word_1_120' title='bbox 972 870 1032 904; x_wconf 92' lang='lat' dir='ltr'>pro</span> <span class='ocrx_word' id='word_1_121' title='bbox 1059 858 1215 893; x_wconf 90' lang='lat' dir='ltr'>dominis</span> <span class='ocrx_word' id='word_1_122' title='bbox 1242 866 1417 905; x_wconf 83' lang='lat' dir='ltr'>pugnent.</span> 
     </span>
     <span class='ocr_line' id='line_1_17' title="bbox 156 906 1417 960; baseline 0 -20"><span class='ocrx_word' id='word_1_123' title='bbox 156 906 342 952; x_wconf 77' lang='lat' dir='ltr'>Consules,</span> <span class='ocrx_word' id='word_1_124' title='bbox 378 906 466 960; x_wconf 82' lang='lat' dir='ltr'>quid</span> <span class='ocrx_word' id='word_1_125' title='bbox 501 906 715 941; x_wconf 86' lang='lat' dir='ltr'>mandatum</span> <span class='ocrx_word' id='word_1_126' title='bbox 749 912 845 940; x_wconf 86' lang='lat' dir='ltr'>esset</span> <span class='ocrx_word' id='word_1_127' title='bbox 879 917 900 939; x_wconf 93' lang='lat' dir='ltr'>a</span> <span class='ocrx_word' id='word_1_128' title='bbox 942 912 1081 949; x_wconf 88' lang='lat' dir='ltr'>senatu⁷</span> <span class='ocrx_word' id='word_1_129' title='bbox 1117 906 1310 950; x_wconf 88' lang='lat' dir='ltr'>videbant·</span> <span class='ocrx_word' id='word_1_130' title='bbox 1353 906 1417 940; x_wconf 87' lang='lat' dir='ltr'>sed</span> 
     </span>
     <span class='ocr_line' id='line_1_18' title="bbox 156 953 1415 999; baseline 0 -12"><span class='ocrx_word' id='word_1_131' title='bbox 156 964 292 999; x_wconf 90' lang='lat' dir='ltr'>eorum,</span> <span class='ocrx_word' id='word_1_132' title='bbox 335 955 396 999; x_wconf 91' lang='lat' dir='ltr'>qui</span> <span class='ocrx_word' id='word_1_133' title='bbox 447 954 537 988; x_wconf 89' lang='lat' dir='ltr'>intra</span> <span class='ocrx_word' id='word_1_134' title='bbox 586 954 744 999; x_wconf 88' lang='lat' dir='ltr'>parietes</span> <span class='ocrx_word' id='word_1_135' title='bbox 793 954 914 987; x_wconf 91' lang='lat' dir='ltr'>curiae</span> <span class='ocrx_word' id='word_1_136' title='bbox 965 953 1132 987; x_wconf 85' lang='lat' dir='ltr'>ferociter</span> <span class='ocrx_word' id='word_1_137' title='bbox 1174 953 1415 999; x_wconf 83' lang='lat' dir='ltr'>loquerentur,</span> 
     </span>
     <span class='ocr_line' id='line_1_19' title="bbox 155 1000 1418 1046; baseline 0.001 -12"><span class='ocrx_word' id='word_1_138' title='bbox 155 1001 341 1035; x_wconf 87' lang='lat' dir='ltr'>nerninem</span> <span class='ocrx_word' id='word_1_139' title='bbox 375 1001 506 1035; x_wconf 82' lang='lat' dir='ltr'>adesse</span> <span class='ocrx_word' id='word_1_140' title='bbox 541 1001 697 1034; x_wconf 89' lang='lat' dir='ltr'>invidiae</span> <span class='ocrx_word' id='word_1_141' title='bbox 732 1012 818 1034; x_wconf 87' lang='lat' dir='ltr'>suae</span> <span class='ocrx_word' id='word_1_142' title='bbox 853 1001 1090 1046; x_wconf 83' lang='lat' dir='ltr'>participem:</span> <span class='ocrx_word' id='word_1_143' title='bbox 1083 1002 1105 1021; x_wconf 78' lang='lat'>‘¹</span> <span class='ocrx_word' id='word_1_144' title='bbox 1149 1007 1184 1034; x_wconf 91' lang='lat' dir='ltr'>et</span> <span class='ocrx_word' id='word_1_145' title='bbox 1217 1000 1418 1046; x_wconf 83' lang='lat' dir='ltr'>apparebat</span> 
     </span>
     <span class='ocr_line' id='line_1_20' title="bbox 154 1048 1418 1094; baseline 0 -13"><span class='ocrx_word' id='word_1_146' title='bbox 154 1053 258 1082; x_wconf 83' lang='lat' dir='ltr'>atrox</span> <span class='ocrx_word' id='word_1_147' title='bbox 289 1059 375 1082; x_wconf 89' lang='lat' dir='ltr'>cum</span> <span class='ocrx_word' id='word_1_148' title='bbox 411 1048 518 1094; x_wconf 89' lang='lat' dir='ltr'>plebe</span> <span class='ocrx_word' id='word_1_149' title='bbox 560 1055 759 1082; x_wconf 88' lang='lat' dir='ltr'>certamen</span> <span class='ocrx_word' id='word_1_150' title='bbox 828 1048 931 1082; x_wconf 85' lang='lat' dir='ltr'>Prius</span> <span class='ocrx_word' id='word_1_151' title='bbox 964 1049 1097 1093; x_wconf 83' lang='lat' dir='ltr'>itaque,</span> <span class='ocrx_word' id='word_1_152' title='bbox 1133 1059 1242 1093; x_wconf 88' lang='lat' dir='ltr'>quam</span> <span class='ocrx_word' id='word_1_153' title='bbox 1288 1048 1418 1082; x_wconf 89' lang='lat' dir='ltr'>ultima</span> 
     </span>
     <span class='ocr_line' id='line_1_21' title="bbox 155 1095 1416 1146; baseline 0 -18"><span class='ocrx_word' id='word_1_154' title='bbox 155 1095 415 1139; x_wconf 81' lang='lat' dir='ltr'>experirentur,</span> <span class='ocrx_word' id='word_1_155' title='bbox 440 1101 606 1130; x_wconf 86' lang='lat' dir='ltr'>senatum</span> <span class='ocrx_word' id='word_1_156' title='bbox 635 1097 763 1128; x_wconf 91' lang='lat' dir='ltr'>iterum</span> <span class='ocrx_word' id='word_1_157' title='bbox 794 1095 983 1128; x_wconf 83' lang='lat' dir='ltr'>consulere</span> <span class='ocrx_word' id='word_1_158' title='bbox 1010 1095 1158 1146; x_wconf 85' lang='lat' dir='ltr'>placuit.</span> <span class='ocrx_word' id='word_1_159' title='bbox 1210 1095 1305 1128; x_wconf 90' lang='lat' dir='ltr'>Tum</span> <span class='ocrx_word' id='word_1_160' title='bbox 1331 1105 1416 1128; x_wconf 77' lang='lat' dir='ltr'>veto</span> 
     </span>
     <span class='ocr_line' id='line_1_22' title="bbox 154 1140 1415 1187; baseline 0.002 -13"><span class='ocrx_word' id='word_1_161' title='bbox 154 1140 202 1175; x_wconf 91' lang='lat' dir='ltr'>ad</span> <span class='ocrx_word' id='word_1_162' title='bbox 220 1141 329 1175; x_wconf 87' lang='lat' dir='ltr'>sellas</span> <span class='ocrx_word' id='word_1_163' title='bbox 347 1142 535 1176; x_wconf 89' lang='lat' dir='ltr'>consulum</span> <span class='ocrx_word' id='word_1_164' title='bbox 554 1153 663 1186; x_wconf 89' lang='lat' dir='ltr'>prope</span> <span class='ocrx_word' id='word_1_165' title='bbox 682 1141 922 1175; x_wconf 84' lang='lat' dir='ltr'>convolavere</span> <span class='ocrx_word' id='word_1_166' title='bbox 942 1143 1113 1175; x_wconf 83' lang='lat' dir='ltr'>minimus</span> <span class='ocrx_word' id='word_1_167' title='bbox 1130 1142 1285 1187; x_wconf 89' lang='lat' dir='ltr'>quisque</span> <span class='ocrx_word' id='word_1_168' title='bbox 1313 1142 1415 1176; x_wconf 83' lang='lat' dir='ltr'>natu²</span> 
     </span>
     <span class='ocr_line' id='line_1_23' title="bbox 155 1187 1414 1235; baseline 0.001 -13"><span class='ocrx_word' id='word_1_169' title='bbox 155 1187 315 1231; x_wconf 81' lang='lat' dir='ltr'>Pati-um,</span> <span class='ocrx_word' id='word_1_170' title='bbox 330 1188 500 1222; x_wconf 85' lang='lat' dir='ltr'>abdicare</span> <span class='ocrx_word' id='word_1_171' title='bbox 518 1188 747 1222; x_wconf 88' lang='lat' dir='ltr'>consulatum</span> <span class='ocrx_word' id='word_1_172' title='bbox 766 1188 938 1232; x_wconf 87' lang='lat' dir='ltr'>jubentes</span> <span class='ocrx_word' id='word_1_173' title='bbox 956 1194 991 1221; x_wconf 91' lang='lat' dir='ltr'>et</span> <span class='ocrx_word' id='word_1_174' title='bbox 1010 1188 1214 1234; x_wconf 88' lang='lat' dir='ltr'>deponere</span> <span class='ocrx_word' id='word_1_175' title='bbox 1207 1189 1414 1235; x_wconf 79' lang='lat' dir='ltr'>imperium,</span> 
     </span>
     <span class='ocr_line' id='line_1_24' title="bbox 154 1233 851 1279; baseline 0 -11"><span class='ocrx_word' id='word_1_176' title='bbox 154 1233 202 1268; x_wconf 88' lang='lat' dir='ltr'>ad</span> <span class='ocrx_word' id='word_1_177' title='bbox 219 1234 315 1279; x_wconf 92' lang='lat' dir='ltr'>quod</span> <span class='ocrx_word' id='word_1_178' title='bbox 334 1236 510 1269; x_wconf 89' lang='lat' dir='ltr'>tuendum</span> <span class='ocrx_word' id='word_1_179' title='bbox 529 1236 675 1268; x_wconf 84' lang='lat' dir='ltr'>animus</span> <span class='ocrx_word' id='word_1_180' title='bbox 693 1234 851 1268; x_wconf 81' lang='lat' dir='ltr'>deesset</span> 
     </span>
    </p>

    <p class='ocr_par' dir='ltr' id='par_1_3' title="bbox 153 1281 1449 1844">
     <span class='ocr_line' id='line_1_25' title="bbox 204 1281 1415 1327; baseline 0.002 -13"><span class='ocrx_word' id='word_1_181' title='bbox 204 1284 260 1315; x_wconf 87' lang='lat'>29.</span> <span class='ocrx_word' id='word_1_182' title='bbox 295 1281 456 1326; x_wconf 89' lang='lat' dir='ltr'>Utraque</span> <span class='ocrx_word' id='word_1_183' title='bbox 499 1281 551 1315; x_wconf 81' lang='lat' dir='ltr'>re³</span> <span class='ocrx_word' id='word_1_184' title='bbox 591 1281 681 1315; x_wconf 85' lang='lat' dir='ltr'>satis</span> <span class='ocrx_word' id='word_1_185' title='bbox 723 1289 883 1327; x_wconf 86' lang='lat' dir='ltr'>experta,</span> <span class='ocrx_word' id='word_1_186' title='bbox 927 1287 1005 1316; x_wconf 92' lang='lat' dir='ltr'>tum</span> <span class='ocrx_word' id='word_1_187' title='bbox 1046 1281 1198 1316; x_wconf 86' lang='lat' dir='ltr'>demum</span> <span class='ocrx_word' id='word_1_188' title='bbox 1241 1283 1415 1318; x_wconf 87' lang='lat' dir='ltr'>consules</span> 
     </span>
     <span class='ocr_line' id='line_1_26' title="bbox 157 1328 1414 1382; baseline 0.001 -19"><span class='ocrx_word' id='word_1_189' title='bbox 157 1328 233 1363; x_wconf 84' lang='lat' dir='ltr'>‘Ne</span> <span class='ocrx_word' id='word_1_190' title='bbox 276 1328 503 1373; x_wconf 87' lang='lat' dir='ltr'>praedictum</span> <span class='ocrx_word' id='word_1_191' title='bbox 545 1328 698 1373; x_wconf 86' lang='lat' dir='ltr'>negetis,</span> <span class='ocrx_word' id='word_1_192' title='bbox 735 1328 861 1362; x_wconf 85' lang='lat' dir='ltr'>Patres</span> <span class='ocrx_word' id='word_1_193' title='bbox 902 1329 1121 1382; x_wconf 78' lang='lat' dir='ltr'>conscripti,</span> <span class='ocrx_word' id='word_1_194' title='bbox 1145 1329 1248 1363; x_wconf 84' lang='lat' dir='ltr'>adest</span> <span class='ocrx_word' id='word_1_195' title='bbox 1287 1330 1414 1374; x_wconf 78' lang='lat' dir='ltr'>ingens</span> 
     </span>
     <span class='ocr_line' id='line_1_27' title="bbox 154 1375 1449 1423; baseline 0.001 -14"><span class='ocrx_word' id='word_1_196' title='bbox 154 1375 293 1410; x_wconf 84' lang='lat' dir='ltr'>seditio.</span> <span class='ocrx_word' id='word_1_197' title='bbox 347 1375 578 1410; x_wconf 82' lang='lat' dir='ltr'>Postulamus</span> <span class='ocrx_word' id='word_1_198' title='bbox 604 1381 640 1408; x_wconf 91' lang='lat' dir='ltr'>ut</span> <span class='ocrx_word' id='word_1_199' title='bbox 667 1387 704 1420; x_wconf 90' lang='grc'>11,</span> <span class='ocrx_word' id='word_1_200' title='bbox 723 1376 784 1420; x_wconf 88' lang='lat' dir='ltr'>qui</span> <span class='ocrx_word' id='word_1_201' title='bbox 812 1376 973 1410; x_wconf 77' lang='lat' dir='ltr'>maxime</span> <span class='ocrx_word' id='word_1_202' title='bbox 1000 1376 1186 1421; x_wconf 72' lang='lat' dir='ltr'>ignaviam</span> <span class='ocrx_word' id='word_1_203' title='bbox 1214 1378 1413 1423; x_wconf 77' lang='lat' dir='ltr'>increpant,</span> <span class='ocrx_word' id='word_1_204' title='bbox 1438 1411 1449 1417; x_wconf 72' lang='grc'><em>,</em></span> 
     </span>
     <span class='ocr_line' id='line_1_28' title="bbox 153 1415 1415 1477; baseline 0.002 -21"><span class='ocrx_word' id='word_1_205' title='bbox 153 1423 268 1456; x_wconf 86' lang='lat' dir='ltr'>assint</span> <span class='ocrx_word' id='word_1_206' title='bbox 317 1422 422 1456; x_wconf 84' lang='lat' dir='ltr'>nobis</span> <span class='ocrx_word' id='word_1_207' title='bbox 471 1422 693 1456; x_wconf 83' lang='lat' dir='ltr'>habentibus</span> <span class='ocrx_word' id='word_1_208' title='bbox 741 1422 942 1456; x_wconf 89' lang='lat' dir='ltr'>delectum.</span> <span class='ocrx_word' id='word_1_209' title='bbox 1010 1415 1188 1458; x_wconf 50' lang='lat' dir='ltr'>⁴Rcerrimi</span> <span class='ocrx_word' id='word_1_210' title='bbox 1239 1435 1415 1477; x_wconf 74' lang='lat' dir='ltr'>cujusque</span> 
     </span>
     <span class='ocr_line' id='line_1_29' title="bbox 153 1468 1416 1521; baseline 0.002 -18"><span class='ocrx_word' id='word_1_211' title='bbox 153 1469 316 1512; x_wconf 88' lang='lat' dir='ltr'>arbitrio,</span> <span class='ocrx_word' id='word_1_212' title='bbox 351 1468 508 1521; x_wconf 81' lang='lat' dir='ltr'>quando⁴</span> <span class='ocrx_word' id='word_1_213' title='bbox 550 1470 598 1502; x_wconf 88' lang='lat' dir='ltr'>ita</span> <span class='ocrx_word' id='word_1_214' title='bbox 640 1469 769 1514; x_wconf 87' lang='lat' dir='ltr'>placet,</span> <span class='ocrx_word' id='word_1_215' title='bbox 807 1480 884 1503; x_wconf 87' lang='lat' dir='ltr'>rem</span> <span class='ocrx_word' id='word_1_216' title='bbox 925 1481 1077 1515; x_wconf 84' lang='lat' dir='ltr'>agemus</span> <span class='ocrx_word' id='word_1_217' title='bbox 1082 1471 1101 1504; x_wconf 88' lang='lat'>.’</span> <span class='ocrx_word' id='word_1_218' title='bbox 1168 1471 1336 1505; x_wconf 89' lang='lat' dir='ltr'>Redeunt</span> <span class='ocrx_word' id='word_1_219' title='bbox 1378 1472 1416 1506; x_wconf 88' lang='lat' dir='ltr'>in</span> 
     </span>
     <span class='ocr_line' id='line_1_30' title="bbox 154 1516 1415 1570; baseline 0.002 -20"><span class='ocrx_word' id='word_1_220' title='bbox 154 1516 334 1560; x_wconf 67' lang='lat' dir='ltr'>tribunal,</span> <span class='ocrx_word' id='word_1_221' title='bbox 368 1517 469 1550; x_wconf 84' lang='lat' dir='ltr'>citari</span> <span class='ocrx_word' id='word_1_222' title='bbox 505 1516 718 1550; x_wconf 85' lang='lat' dir='ltr'>nominatim</span> <span class='ocrx_word' id='word_1_223' title='bbox 749 1527 862 1550; x_wconf 88' lang='lat' dir='ltr'>unum</span> <span class='ocrx_word' id='word_1_224' title='bbox 896 1528 942 1551; x_wconf 85' lang='lat' dir='ltr'>ex</span> <span class='ocrx_word' id='word_1_225' title='bbox 977 1518 1028 1561; x_wconf 89' lang='lat' dir='ltr'>iis,</span> <span class='ocrx_word' id='word_1_226' title='bbox 1057 1517 1118 1562; x_wconf 87' lang='lat' dir='ltr'>qni</span> <span class='ocrx_word' id='word_1_227' title='bbox 1149 1517 1184 1551; x_wconf 90' lang='lat' dir='ltr'>in</span> <span class='ocrx_word' id='word_1_228' title='bbox 1216 1524 1415 1570; x_wconf 82' lang='lat' dir='ltr'>conspectu</span> 
     </span>
     <span class='ocr_line' id='line_1_31' title="bbox 154 1562 1415 1609; baseline 0.002 -13"><span class='ocrx_word' id='word_1_229' title='bbox 154 1568 267 1607; x_wconf 82' lang='lat' dir='ltr'>erant,</span> <span class='ocrx_word' id='word_1_230' title='bbox 295 1563 421 1599; x_wconf 86' lang='lat' dir='ltr'>dedita</span> <span class='ocrx_word' id='word_1_231' title='bbox 454 1564 577 1608; x_wconf 90' lang='lat' dir='ltr'>opera⁵</span> <span class='ocrx_word' id='word_1_232' title='bbox 607 1562 747 1608; x_wconf 88' lang='lat' dir='ltr'>jubent.</span> <span class='ocrx_word' id='word_1_233' title='bbox 799 1564 888 1597; x_wconf 90' lang='lat' dir='ltr'>Cum</span> <span class='ocrx_word' id='word_1_234' title='bbox 925 1570 1036 1597; x_wconf 86' lang='lat' dir='ltr'>staret</span> <span class='ocrx_word' id='word_1_235' title='bbox 1070 1565 1212 1609; x_wconf 73' lang='lat' dir='ltr'>ticituS,</span> <span class='ocrx_word' id='word_1_236' title='bbox 1248 1571 1283 1598; x_wconf 91' lang='lat' dir='ltr'>et</span> <span class='ocrx_word' id='word_1_237' title='bbox 1318 1566 1415 1599; x_wconf 88' lang='lat' dir='ltr'>circa.</span> 
     </span>
     <span class='ocr_line' id='line_1_32' title="bbox 154 1609 1413 1657; baseline 0.002 -13"><span class='ocrx_word' id='word_1_238' title='bbox 154 1621 241 1644; x_wconf 89' lang='lat' dir='ltr'>eum</span> <span class='ocrx_word' id='word_1_239' title='bbox 257 1610 395 1656; x_wconf 87' lang='lat' dir='ltr'>aliquot</span> <span class='ocrx_word' id='word_1_240' title='bbox 413 1610 611 1652; x_wconf 78' lang='lat' dir='ltr'>hominum,</span> <span class='ocrx_word' id='word_1_241' title='bbox 633 1622 677 1643; x_wconf 89' lang='lat' dir='ltr'>ne</span> <span class='ocrx_word' id='word_1_242' title='bbox 705 1609 795 1643; x_wconf 82' lang='lat' dir='ltr'>forte</span> <span class='ocrx_word' id='word_1_243' title='bbox 814 1611 1016 1655; x_wconf 86' lang='lat' dir='ltr'>violaretur.</span> <span class='ocrx_word' id='word_1_244' title='bbox 1037 1611 1255 1645; x_wconf 85' lang='lat' dir='ltr'>constitisset</span> <span class='ocrx_word' id='word_1_245' title='bbox 1273 1611 1413 1657; x_wconf 84' lang='lat' dir='ltr'>globus,</span> 
     </span>
     <span class='ocr_line' id='line_1_33' title="bbox 154 1656 1416 1709; baseline 0.001 -18"><span class='ocrx_word' id='word_1_246' title='bbox 154 1656 318 1692; x_wconf 83' lang='lat' dir='ltr'>lictorem</span> <span class='ocrx_word' id='word_1_247' title='bbox 347 1657 392 1691; x_wconf 89' lang='lat' dir='ltr'>ad</span> <span class='ocrx_word' id='word_1_248' title='bbox 421 1668 506 1691; x_wconf 90' lang='lat' dir='ltr'>eum</span> <span class='ocrx_word' id='word_1_249' title='bbox 534 1657 702 1691; x_wconf 87' lang='lat' dir='ltr'>consules</span> <span class='ocrx_word' id='word_1_250' title='bbox 732 1657 891 1690; x_wconf 90' lang='lat' dir='ltr'>mittunt.</span> <span class='ocrx_word' id='word_1_251' title='bbox 944 1657 1021 1709; x_wconf 82' lang='lat' dir='ltr'>Quo</span> <span class='ocrx_word' id='word_1_252' title='bbox 1047 1657 1200 1703; x_wconf 85' lang='lat' dir='ltr'>repulso,</span> <span class='ocrx_word' id='word_1_253' title='bbox 1230 1665 1306 1692; x_wconf 91' lang='lat' dir='ltr'>tum</span> <span class='ocrx_word' id='word_1_254' title='bbox 1332 1670 1416 1693; x_wconf 91' lang='lat' dir='ltr'>vero</span> 
     </span>
     <span class='ocr_line' id='line_1_34' title="bbox 155 1703 1416 1749; baseline 0.001 -10"><span class='ocrx_word' id='word_1_255' title='bbox 155 1703 346 1748; x_wconf 81' lang='lat' dir='ltr'>indignum</span> <span class='ocrx_word' id='word_1_256' title='bbox 381 1704 525 1738; x_wconf 88' lang='lat' dir='ltr'>facinus</span> <span class='ocrx_word' id='word_1_257' title='bbox 553 1715 634 1738; x_wconf 89' lang='lat' dir='ltr'>esse</span> <span class='ocrx_word' id='word_1_258' title='bbox 664 1703 905 1748; x_wconf 85' lang='lat' dir='ltr'>clamitantes,</span> <span class='ocrx_word' id='word_1_259' title='bbox 933 1704 994 1749; x_wconf 90' lang='lat' dir='ltr'>qui</span> <span class='ocrx_word' id='word_1_260' title='bbox 1024 1704 1172 1739; x_wconf 88' lang='lat' dir='ltr'>Patrum</span> <span class='ocrx_word' id='word_1_261' title='bbox 1207 1705 1416 1741; x_wconf 88' lang='lat' dir='ltr'>consulibus</span> 
     </span>
     <span class='ocr_line' id='line_1_35' title="bbox 155 1750 1414 1797; baseline 0.002 -12"><span class='ocrx_word' id='word_1_262' title='bbox 155 1751 318 1797; x_wconf 75' lang='lat' dir='ltr'>aderant,</span> <span class='ocrx_word' id='word_1_263' title='bbox 352 1751 523 1785; x_wconf 86' lang='lat' dir='ltr'>devolant</span> <span class='ocrx_word' id='word_1_264' title='bbox 563 1751 609 1785; x_wconf 89' lang='lat' dir='ltr'>de</span> <span class='ocrx_word' id='word_1_265' title='bbox 652 1750 833 1795; x_wconf 87' lang='lat' dir='ltr'>tribunali,</span> <span class='ocrx_word' id='word_1_266' title='bbox 869 1757 908 1784; x_wconf 89' lang='lat' dir='ltr'>ut</span> <span class='ocrx_word' id='word_1_267' title='bbox 949 1751 1064 1785; x_wconf 89' lang='lat' dir='ltr'>lictori</span> <span class='ocrx_word' id='word_1_268' title='bbox 1105 1752 1238 1786; x_wconf 76' lang='lat' dir='ltr'>auxilio</span> <span class='ocrx_word' id='word_1_269' title='bbox 1280 1760 1414 1787; x_wconf 83' lang='lat' dir='ltr'>essent.</span> 
     </span>
     <span class='ocr_line' id='line_1_36' title="bbox 155 1797 1416 1844; baseline 0.001 -11"><span class='ocrx_word' id='word_1_270' title='bbox 155 1797 227 1833; x_wconf 88' lang='lat' dir='ltr'>Sed</span> <span class='ocrx_word' id='word_1_271' title='bbox 259 1798 307 1833; x_wconf 87' lang='lat' dir='ltr'>ab</span> <span class='ocrx_word' id='word_1_272' title='bbox 339 1798 476 1843; x_wconf 89' lang='lat' dir='ltr'>lictore,</span> <span class='ocrx_word' id='word_1_273' title='bbox 504 1798 595 1832; x_wconf 90' lang='lat' dir='ltr'>nihil</span> <span class='ocrx_word' id='word_1_274' title='bbox 629 1797 727 1832; x_wconf 88' lang='lat' dir='ltr'>aliud</span> <span class='ocrx_word' id='word_1_275' title='bbox 757 1797 882 1843; x_wconf 80' lang='lat' dir='ltr'>quam⁶</span> <span class='ocrx_word' id='word_1_276' title='bbox 909 1798 1086 1843; x_wconf 89' lang='lat' dir='ltr'>prendere</span> <span class='ocrx_word' id='word_1_277' title='bbox 1114 1799 1302 1844; x_wconf 89' lang='lat' dir='ltr'>prohibito.</span> <span class='ocrx_word' id='word_1_278' title='bbox 1330 1812 1416 1835; x_wconf 91' lang='lat' dir='ltr'>cnm</span> 
     </span>
    </p>
   </div>
   <div class='ocr_carea' id='block_1_3' title="bbox 192 1857 708 1861">
    <p class='ocr_par' dir='ltr' id='par_1_4' title="bbox 192 1857 708 1861">
     <span class='ocr_line' id='line_1_37' title="bbox 192 1857 708 1861; baseline 0 0"><span class='ocrx_word' id='word_1_279' title='bbox 192 1857 708 1861; x_wconf 95' lang='lat' dir='ltr'> </span> 
     </span>
    </p>
   </div>
   <div class='ocr_carea' id='block_1_4' title="bbox 155 1881 1415 2364">
    <p class='ocr_par' dir='ltr' id='par_1_5' title="bbox 156 1881 1415 1962">
     <span class='ocr_line' id='line_1_38' title="bbox 163 1881 1415 1924; baseline 0.002 -10"><span class='ocrx_word' id='word_1_280' title='bbox 163 1900 168 1903; x_wconf 86' lang='lat'><em>-</em></span> <span class='ocrx_word' id='word_1_281' title='bbox 197 1885 207 1902; x_wconf 83' lang='lat'>¹</span> <span class='ocrx_word' id='word_1_282' title='bbox 221 1884 277 1914; x_wconf 91' lang='lat' dir='ltr'>An</span> <span class='ocrx_word' id='word_1_283' title='bbox 293 1883 471 1914; x_wconf 91' lang='lat' dir='ltr'>admirable</span> <span class='ocrx_word' id='word_1_284' title='bbox 488 1882 747 1921; x_wconf 82' lang='lat' dir='ltr'>representation</span> <span class='ocrx_word' id='word_1_285' title='bbox 763 1881 800 1912; x_wconf 94' lang='lat' dir='ltr'>of</span> <span class='ocrx_word' id='word_1_286' title='bbox 811 1882 865 1913; x_wconf 90' lang='lat' dir='ltr'>the</span> <span class='ocrx_word' id='word_1_287' title='bbox 882 1893 958 1913; x_wconf 88' lang='lat' dir='ltr'>men</span> <span class='ocrx_word' id='word_1_288' title='bbox 974 1883 1049 1914; x_wconf 89' lang='lat' dir='ltr'>who</span> <span class='ocrx_word' id='word_1_289' title='bbox 1065 1883 1178 1915; x_wconf 88' lang='lat' dir='ltr'>talked</span> <span class='ocrx_word' id='word_1_290' title='bbox 1201 1884 1338 1924; x_wconf 84' lang='lat' dir='ltr'>largely,</span> <span class='ocrx_word' id='word_1_291' title='bbox 1357 1886 1415 1916; x_wconf 92' lang='lat' dir='ltr'>but</span> 
     </span>
     <span class='ocr_line' id='line_1_39' title="bbox 156 1922 1171 1962; baseline 0 -8"><span class='ocrx_word' id='word_1_292' title='bbox 156 1933 245 1954; x_wconf 87' lang='lat' dir='ltr'>were</span> <span class='ocrx_word' id='word_1_293' title='bbox 263 1923 423 1962; x_wconf 88' lang='lat' dir='ltr'>inwardly</span> <span class='ocrx_word' id='word_1_294' title='bbox 440 1923 612 1954; x_wconf 86' lang='lat' dir='ltr'>conscious</span> <span class='ocrx_word' id='word_1_295' title='bbox 626 1922 729 1952; x_wconf 85' lang='lat' dir='ltr'>ofthe</span> <span class='ocrx_word' id='word_1_296' title='bbox 746 1922 898 1961; x_wconf 87' lang='lat' dir='ltr'>injustice</span> <span class='ocrx_word' id='word_1_297' title='bbox 914 1923 952 1953; x_wconf 89' lang='lat' dir='ltr'>of</span> <span class='ocrx_word' id='word_1_298' title='bbox 962 1923 1046 1954; x_wconf 81' lang='lat' dir='ltr'>their</span> <span class='ocrx_word' id='word_1_299' title='bbox 1061 1934 1171 1955; x_wconf 90' lang='lat' dir='ltr'>cause.</span> 
     </span>
    </p>

    <p class='ocr_par' dir='ltr' id='par_1_6' title="bbox 156 1962 1415 2043">
     <span class='ocr_line' id='line_1_40' title="bbox 195 1962 1413 2003; baseline 0.001 -9"><span class='ocrx_word' id='word_1_300' title='bbox 195 1965 208 1983; x_wconf 80' lang='lat'>2</span> <span class='ocrx_word' id='word_1_301' title='bbox 224 1967 231 1980; x_wconf 95' lang='lat'>‘</span> <span class='ocrx_word' id='word_1_302' title='bbox 245 1963 319 1994; x_wconf 89' lang='lat' dir='ltr'>The</span> <span class='ocrx_word' id='word_1_303' title='bbox 337 1964 522 2003; x_wconf 58' lang='lat' dir='ltr'>youngest!</span> <span class='ocrx_word' id='word_1_304' title='bbox 570 1962 654 1993; x_wconf 88' lang='lat' dir='ltr'>This</span> <span class='ocrx_word' id='word_1_305' title='bbox 671 1962 750 1994; x_wconf 90' lang='lat' dir='ltr'>does</span> <span class='ocrx_word' id='word_1_306' title='bbox 761 1970 829 1998; x_wconf 87' lang='lat' dir='ltr'>not,</span> <span class='ocrx_word' id='word_1_307' title='bbox 845 1962 1011 1999; x_wconf 87' lang='lat' dir='ltr'>however,</span> <span class='ocrx_word' id='word_1_308' title='bbox 1030 1963 1132 2003; x_wconf 86' lang='lat' dir='ltr'>imply</span> <span class='ocrx_word' id='word_1_309' title='bbox 1146 1964 1215 1994; x_wconf 91' lang='lat' dir='ltr'>that</span> <span class='ocrx_word' id='word_1_310' title='bbox 1231 1964 1310 2003; x_wconf 88' lang='lat' dir='ltr'>they</span> <span class='ocrx_word' id='word_1_311' title='bbox 1324 1975 1413 1996; x_wconf 83' lang='lat' dir='ltr'>were</span> 
     </span>
     <span class='ocr_line' id='line_1_41' title="bbox 156 2002 1415 2043; baseline 0.002 -9"><span class='ocrx_word' id='word_1_312' title='bbox 156 2002 343 2042; x_wconf 89' lang='lat' dir='ltr'>absolutely</span> <span class='ocrx_word' id='word_1_313' title='bbox 359 2013 481 2043; x_wconf 84' lang='lat' dir='ltr'>young,</span> <span class='ocrx_word' id='word_1_314' title='bbox 501 2003 549 2034; x_wconf 88' lang='lat' dir='ltr'>for</span> <span class='ocrx_word' id='word_1_315' title='bbox 571 2013 672 2041; x_wconf 89' lang='lat' dir='ltr'>every</span> <span class='ocrx_word' id='word_1_316' title='bbox 688 2009 822 2033; x_wconf 88' lang='lat' dir='ltr'>senator</span> <span class='ocrx_word' id='word_1_317' title='bbox 842 2002 906 2034; x_wconf 91' lang='lat' dir='ltr'>had</span> <span class='ocrx_word' id='word_1_318' title='bbox 930 2003 1048 2034; x_wconf 85' lang='lat' dir='ltr'>served</span> <span class='ocrx_word' id='word_1_319' title='bbox 1069 2015 1105 2035; x_wconf 86' lang='lat' dir='ltr'>as</span> <span class='ocrx_word' id='word_1_320' title='bbox 1121 2015 1139 2035; x_wconf 91' lang='lat' dir='ltr'>a</span> <span class='ocrx_word' id='word_1_321' title='bbox 1155 2004 1278 2035; x_wconf 90' lang='lat' dir='ltr'>soldier</span> <span class='ocrx_word' id='word_1_322' title='bbox 1294 2005 1342 2035; x_wconf 89' lang='lat' dir='ltr'>for</span> <span class='ocrx_word' id='word_1_323' title='bbox 1358 2012 1415 2036; x_wconf 90' lang='lat' dir='ltr'>ten</span> 
     </span>
    </p>

    <p class='ocr_par' dir='ltr' id='par_1_7' title="bbox 155 2050 1413 2162">
     <span class='ocr_line' id='line_1_42' title="bbox 211 2050 460 2074; baseline 0 -1"><span class='ocrx_word' id='word_1_324' title='bbox 211 2050 256 2073; x_wconf 89' lang='lat' dir='ltr'>tw</span> <span class='ocrx_word' id='word_1_325' title='bbox 259 2050 313 2073; x_wconf 90' lang='lat' dir='ltr'>ent</span> <span class='ocrx_word' id='word_1_326' title='bbox 398 2054 460 2074; x_wconf 84' lang='lat' dir='ltr'>ars.</span> 
     </span>
     <span class='ocr_line' id='line_1_43' title="bbox 157 2053 1413 2123; baseline 0.002 -10"><span class='ocrx_word' id='word_1_327' title='bbox 157 2053 208 2101; x_wconf 44' lang='grc' dir='ltr'>οῖ’</span> <span class='ocrx_word' id='word_1_328' title='bbox 226 2054 458 2122; x_wconf 46' lang='lat' dir='ltr'>Utraci&#39;uffies</span> <span class='ocrx_word' id='word_1_329' title='bbox 451 2094 478 2114; x_wconf 77' lang='lat' dir='ltr'>is</span> <span class='ocrx_word' id='word_1_330' title='bbox 498 2086 505 2099; x_wconf 80' lang='lat'><em>¹</em></span> <span class='ocrx_word' id='word_1_331' title='bbox 518 2082 629 2113; x_wconf 62' lang='lat' dir='ltr'>both*</span> <span class='ocrx_word' id='word_1_332' title='bbox 608 2106 616 2119; x_wconf 89' lang='lat'>‚</span> <span class='ocrx_word' id='word_1_333' title='bbox 649 2081 740 2112; x_wconf 89' lang='lat' dir='ltr'>that</span> <span class='ocrx_word' id='word_1_334' title='bbox 732 2093 772 2119; x_wconf 86' lang='lat' dir='ltr'>1s‚</span> <span class='ocrx_word' id='word_1_335' title='bbox 788 2082 868 2113; x_wconf 89' lang='lat' dir='ltr'>both</span> <span class='ocrx_word' id='word_1_336' title='bbox 885 2082 940 2114; x_wconf 91' lang='lat' dir='ltr'>the</span> <span class='ocrx_word' id='word_1_337' title='bbox 958 2083 1109 2123; x_wconf 82' lang='lat' dir='ltr'>hostility</span> <span class='ocrx_word' id='word_1_338' title='bbox 1122 2084 1159 2115; x_wconf 90' lang='lat' dir='ltr'>of</span> <span class='ocrx_word' id='word_1_339' title='bbox 1170 2083 1224 2114; x_wconf 90' lang='lat' dir='ltr'>the</span> <span class='ocrx_word' id='word_1_340' title='bbox 1238 2084 1332 2122; x_wconf 88' lang='lat' dir='ltr'>plebs</span> <span class='ocrx_word' id='word_1_341' title='bbox 1348 2084 1413 2116; x_wconf 83' lang='lat' dir='ltr'>and</span> 
     </span>
     <span class='ocr_line' id='line_1_44' title="bbox 155 2123 627 2162; baseline -0.002 -9"><span class='ocrx_word' id='word_1_342' title='bbox 155 2123 213 2154; x_wconf 87' lang='lat' dir='ltr'>the</span> <span class='ocrx_word' id='word_1_343' title='bbox 229 2123 359 2162; x_wconf 80' lang='lat' dir='ltr'>opinion</span> <span class='ocrx_word' id='word_1_344' title='bbox 376 2123 413 2154; x_wconf 84' lang='lat' dir='ltr'>ot</span> <span class='ocrx_word' id='word_1_345' title='bbox 431 2123 485 2154; x_wconf 89' lang='lat' dir='ltr'>the</span> <span class='ocrx_word' id='word_1_346' title='bbox 502 2129 627 2153; x_wconf 86' lang='lat' dir='ltr'>senate.</span> 
     </span>
    </p>

    <p class='ocr_par' dir='ltr' id='par_1_8' title="bbox 196 2162 780 2215">
     <span class='ocr_line' id='line_1_45' title="bbox 196 2162 780 2215; baseline -0.002 -22"><span class='ocrx_word' id='word_1_347' title='bbox 196 2165 208 2182; x_wconf 83' lang='lat'>⁴</span> <span class='ocrx_word' id='word_1_348' title='bbox 221 2162 260 2193; x_wconf 91' lang='lat' dir='ltr'>In</span> <span class='ocrx_word' id='word_1_349' title='bbox 277 2163 332 2193; x_wconf 89' lang='lat' dir='ltr'>the</span> <span class='ocrx_word' id='word_1_350' title='bbox 349 2173 444 2194; x_wconf 87' lang='lat' dir='ltr'>sense</span> <span class='ocrx_word' id='word_1_351' title='bbox 463 2162 499 2193; x_wconf 88' lang='lat' dir='ltr'>of</span> <span class='ocrx_word' id='word_1_352' title='bbox 516 2163 780 2215; x_wconf 76' lang='lat' dir='ltr'>quandoquidem.</span> 
     </span>
    </p>

    <p class='ocr_par' dir='ltr' id='par_1_9' title="bbox 157 2202 1412 2364">
     <span class='ocr_line' id='line_1_46' title="bbox 196 2202 1412 2243; baseline 0.001 -10"><span class='ocrx_word' id='word_1_353' title='bbox 196 2202 209 2220; x_wconf 80' lang='lat'><strong>⁶</strong></span> <span class='ocrx_word' id='word_1_354' title='bbox 225 2206 233 2219; x_wconf 91' lang='lat'>‘</span> <span class='ocrx_word' id='word_1_355' title='bbox 248 2202 302 2233; x_wconf 91' lang='lat' dir='ltr'>On</span> <span class='ocrx_word' id='word_1_356' title='bbox 317 2210 369 2233; x_wconf 85' lang='lat' dir='ltr'>set</span> <span class='ocrx_word' id='word_1_357' title='bbox 385 2202 552 2242; x_wconf 86' lang='lat' dir='ltr'>purpose‚’</span> <span class='ocrx_word' id='word_1_358' title='bbox 575 2202 835 2242; x_wconf 85' lang='lat' dir='ltr'>‘intentionally‚</span> <span class='ocrx_word' id='word_1_359' title='bbox 842 2203 850 2216; x_wconf 89' lang='lat'>’</span> <span class='ocrx_word' id='word_1_360' title='bbox 868 2203 1041 2243; x_wconf 81' lang='lat' dir='ltr'>expressly</span> <span class='ocrx_word' id='word_1_361' title='bbox 1057 2214 1118 2234; x_wconf 89' lang='lat' dir='ltr'>one</span> <span class='ocrx_word' id='word_1_362' title='bbox 1135 2203 1172 2234; x_wconf 87' lang='lat' dir='ltr'>of</span> <span class='ocrx_word' id='word_1_363' title='bbox 1190 2203 1284 2234; x_wconf 91' lang='lat' dir='ltr'>those</span> <span class='ocrx_word' id='word_1_364' title='bbox 1301 2203 1412 2234; x_wconf 88' lang='lat' dir='ltr'>stand-</span> 
     </span>
     <span class='ocr_line' id='line_1_47' title="bbox 157 2241 1412 2322; baseline 0.002 -10"><span class='ocrx_word' id='word_1_365' title='bbox 157 2241 214 2300; x_wconf 63' lang='lat' dir='ltr'>in÷</span> <span class='ocrx_word' id='word_1_366' title='bbox 223 2250 409 2314; x_wconf 51' lang='grc' dir='ltr'>’ῗῗιῗῖἰῗῐοι-</span> <span class='ocrx_word' id='word_1_367' title='bbox 421 2293 490 2314; x_wconf 84' lang='lat' dir='ltr'>was</span> <span class='ocrx_word' id='word_1_368' title='bbox 506 2282 584 2321; x_wconf 90' lang='lat' dir='ltr'>only</span> <span class='ocrx_word' id='word_1_369' title='bbox 597 2282 776 2320; x_wconf 85' lang='lat' dir='ltr'>prevented</span> <span class='ocrx_word' id='word_1_370' title='bbox 791 2282 874 2314; x_wconf 78' lang='lat' dir='ltr'>from</span> <span class='ocrx_word' id='word_1_371' title='bbox 886 2283 1047 2322; x_wconf 83' lang='lat' dir='ltr'>arresting</span> <span class='ocrx_word' id='word_1_372' title='bbox 1058 2283 1114 2313; x_wconf 86' lang='lat' dir='ltr'>the</span> <span class='ocrx_word' id='word_1_373' title='bbox 1128 2293 1215 2319; x_wconf 81' lang='lat' dir='ltr'>man,</span> <span class='ocrx_word' id='word_1_374' title='bbox 1228 2289 1284 2314; x_wconf 92' lang='lat' dir='ltr'>not</span> <span class='ocrx_word' id='word_1_375' title='bbox 1303 2283 1412 2314; x_wconf 91' lang='lat' dir='ltr'>other-</span> 
     </span>
     <span class='ocr_line' id='line_1_48' title="bbox 157 2321 1409 2364; baseline 0.002 -11"><span class='ocrx_word' id='word_1_376' title='bbox 157 2321 240 2353; x_wconf 83' lang='lat' dir='ltr'>wise</span> <span class='ocrx_word' id='word_1_377' title='bbox 255 2322 700 2354; x_wconf 78' lang='lat' dir='ltr'>maltreated.NzIz1laliud</span> <span class='ocrx_word' id='word_1_378' title='bbox 714 2333 818 2362; x_wconf 80' lang='lat' dir='ltr'>quam,</span> <span class='ocrx_word' id='word_1_379' title='bbox 835 2333 870 2354; x_wconf 88' lang='lat' dir='ltr'>as</span> <span class='ocrx_word' id='word_1_380' title='bbox 883 2323 1066 2355; x_wconf 89' lang='lat' dir='ltr'>elsewhere</span> <span class='ocrx_word' id='word_1_381' title='bbox 1079 2324 1163 2354; x_wconf 73' lang='lat' dir='ltr'>nihil</span> <span class='ocrx_word' id='word_1_382' title='bbox 1173 2329 1409 2364; x_wconf 77' lang='lat' dir='ltr'>praeterquam,</span> 
     </span>
    </p>
   </div>
   <div class='ocr_carea' id='block_1_5' title="bbox 305 2365 348 2397">
    <p class='ocr_par' dir='ltr' id='par_1_10' title="bbox 305 2365 348 2397">
     <span class='ocr_line' id='line_1_49' title="bbox 305 2365 348 2397; baseline -0.023 0"><span class='ocrx_word' id='word_1_383' title='bbox 305 2365 348 2397; x_wconf 80' lang='lat'>12</span> 
     </span>
    </p>
   </div>
  </div>
 </body>
</html>
