1523 2524
677 109 804 136 LIBER
833 110 933 136 xxii.
1359 102 1438 138 303

165 195 310 232 capere.
363 184 403 220 In
437 183 504 219 has
537 183 706 229 latebras,
738 191 824 230 quot
858 195 1045 232 quemque
1079 184 1201 220 locum
1235 191 1321 232 apte
1355 185 1437 221 insi-

165 231 254 268 dere
281 239 458 280 poterant,
487 233 650 278 quinque
681 232 782 267 milia
816 232 1021 267 conduntur
1054 233 1221 280 peditum
1255 233 1437 279 equitum-

193 281 265 315 ue.¹
315 280 458 315 Necubi
477 287 600 314 tamen
624 286 686 314 aut
713 288 834 315 motus
859 280 1017 327 alicujus
1044 287 1183 315 temere
1210 281 1348 326 egressi
1374 287 1438 316 aut

184 327 285 373 ulgor
316 339 499 363 armorum
536 326 703 362 fraudem
742 328 778 362 in
811 328 907 362 valle
950 336 1025 363 tam
1067 336 1193 374 aperta
1235 328 1436 375 detegeret,

165 375 290 411 missis
308 375 435 421 paucis
454 375 571 421 prima
598 375 679 410 luce
706 375 751 410 ad
779 375 1002 422 capiendum
1029 387 1140 422 quem
1166 383 1251 410 ante
1277 376 1439 411 diximus

165 423 347 459 tumulum
381 424 512 457 avertit
546 423 670 458 oculos
703 422 875 458 hostium.
923 424 1048 459 Primo
1082 425 1202 459 statim
1237 430 1438 470 conspectu

164 477 377 517 contempta
410 471 585 517 paucitas,
620 482 664 505 ac
698 471 768 506 sibi
810 472 966 517 quisque
1008 471 1206 517 deposcere
1248 471 1438 518 pellendos

165 517 251 554 inde
271 517 394 554 hostes
411 531 454 553 ac
482 518 602 554 locum
629 518 863 565 capiendum.
917 520 997 554 Dux
1026 519 1102 565 ipse
1130 520 1222 554 inter
1247 518 1437 554 stolidissi-

164 578 246 602 mos
263 566 584 613 ferocissimosque
606 566 652 601 ad
679 578 783 601 arma
809 574 924 612 vocat,
945 576 979 601 et
1008 567 1112 601 vanis
1138 568 1247 602 minis
1276 567 1437 613 increpat

164 614 324 650 hostem.
362 614 543 661 Principio
563 614 685 649 levem
703 623 939 660 armaturam,
954 614 1088 649 deinde
1106 615 1270 649 conserto
1287 616 1437 659 agmine

164 662 278 698 mittit
319 663 483 709 equites3
528 669 710 708 postremo
752 674 836 697 cum
881 662 1045 697 hostibus
1085 673 1230 709 quoque
1272 661 1439 697 subsidia.

163 710 259 745 mitti
294 710 444 755 videret:
483 710 668 745 instructis
704 709 907 755 legionibus
942 710 1114 757 procedit.
1182 711 1225 745 Et
1255 709 1438 744 Hannibal

164 757 413 793 laborantibus
431 757 506 792 suis
525 757 599 792 alia
616 765 727 804 atque
746 757 818 792 alia
843 765 1032 793 crescente
1059 758 1260 793 certamine
1286 758 1439 793 mittens

163 805 300 841 auxilia
329 805 496 853 peditum
526 806 769 852 equitumque
796 806 873 852 jam
904 806 1039 852 justam
1066 806 1277 852 expleverat
1303 805 1437 851 aciem,

164 865 209 888 ae
229 853 314 890 totis
340 854 522 899 utrimque
549 853 687 888 viribus
713 854 932 888 certabatur.
987 854 1108 888 Prima
1135 854 1227 888 levis
1251 860 1438 888 armatura

164 901 422 946 Romanorum,
449 908 757 947 praeoccupatum
791 901 958 936 inferiore
982 901 1059 935 loco
1087 901 1293 936 succedens
1319 907 1438 936 tumu-

165 948 270 992 lum,⁵1
310 948 415 996 pulsa
455 948 677 994 detrusaque
716 956 888 984 terrorem
929 950 963 984 in
1007 949 1269 983 succedentem
1313 948 1435 983 intulit

165 996 332 1043 equitem
350 1002 386 1031 et
410 996 457 1031 ad
484 997 587 1042 signa
613 996 800 1042 legionum
827 996 970 1041 refugit.
1025 997 1194 1032 Peditum
1221 997 1322 1031 acies
1349 997 1441 1031 inter

165 1043 353 1091 perculsos
380 1044 566 1090 impavida.
599 1045 675 1078 sola
709 1053 797 1090 erat,
829 1045 1104 1090 videbaturque,
1133 1045 1160 1078 si
1195 1044 1293 1090 justa
1321 1050 1384 1078 aut
1410 1044 1441 1079 si

167 1099 267 1127 recta
308 1092 444 1138 pugna³
479 1099 589 1137 esset,
633 1091 918 1138 haudquaquam
957 1093 1073 1138 impar
1112 1091 1252 1126 sutura:
1297 1098 1442 1126 tantum

165 1139 370 1174 animorum
389 1139 528 1173 fecerat
546 1150 716 1185 prospere
739 1148 824 1174 ante
851 1150 988 1186 paucos
1012 1139 1091 1174 dies
1119 1151 1175 1174 res
1201 1145 1317 1184 gesta.
1369 1138 1441 1174 Sed

167 1186 283 1222 exorti
316 1193 466 1232 repente
501 1186 732 1221 insidiatores
765 1198 851 1221 eum
887 1188 1084 1221 tumultum
1120 1195 1367 1233 terroremque
1402 1187 1439 1221 in

168 1234 282 1269 latera
309 1234 494 1280 utrimque
521 1234 568 1269 ab
595 1241 768 1280 tergoque
796 1235 1025 1269 incursantes
1051 1234 1228 1280 fecerunt,
1254 1241 1291 1270 ut
1319 1245 1440 1281 neque

167 1282 314 1317 animus
339 1281 386 1316 ad
416 1292 578 1328 pugnam
612 1293 732 1328 neque
762 1282 806 1317 ad
834 1282 962 1328 sugam
992 1294 1076 1329 spes
1109 1283 1284 1329 cuiquam
1317 1293 1441 1329 super-

168 1334 277 1365 esset.

217 1380 275 1412 29.
311 1376 409 1411 Tum
438 1376 575 1412 Fabius
602 1376 721 1424 primo
750 1377 910 1413 clamore
939 1378 1149 1425 paventium
1184 1378 1319 1423 audito,
1355 1377 1442 1413 dein

168 1430 365 1471 conspecta
393 1424 517 1470 procul
552 1425 695 1459 turbata
723 1428 814 1471 acie,
852 1426 925 1460 ‘Ita
952 1427 1019 1460 est⁷
1051 1426 1187 1472 inquit:
1225 1427 1316 1460 ‘non
1343 1425 1441 1460 cele-

170 1473 259 1508 rius⁴
286 1483 397 1518 quarn
431 1472 536 1507 timui
570 1472 813 1518 deprehendit
842 1473 983 1508 fortuna
1012 1474 1274 1508 temeritatem.
1327 1472 1442 1508 Fabio

168 1526 350 1566 aequatus
375 1520 528 1566 imperio
553 1520 799 1555 Hannibalem
827 1527 863 1555 et
889 1521 1023 1555 virtute
1050 1527 1086 1554 et
1113 1520 1256 1555 fortuna
1268 1521 1442 1567 'superio-

170 1579 250 1603 rem
277 1567 403 1602 videt.⁵
452 1567 522 1602 Sed
541 1567 640 1602 aliud
666 1567 836 1614 jurgandi
854 1567 1170 1613 succensendique
1189 1575 1336 1614 tempus
1352 1568 1440 1603 erit:

168 1626 267 1650 nunc
301 1615 404 1660 signa
436 1620 539 1649 extra
571 1615 707 1650 vallum
743 1615 913 1662 proferte.
965 1615 1165 1650 Victoriam
1199 1615 1292 1650 hosti
1325 1622 1443 1651 extor-

169 1674 360 1710 queamus,
396 1661 663 1697 consessionem
700 1664 828 1698 erroris
864 1663 1034 1698 civibus.'
1102 1663 1186 1698 Jam
1227 1675 1362 1706 magna
1396 1674 1443 1699 ex

170 1716 273 1757 parte
306 1710 424 1745 caesis
457 1709 548 1755 aliis,
578 1710 660 1745 aliis
692 1710 1086 1757 circumspectantibus
1111 1710 1248 1757 sugam,
1278 1710 1443 1746 Fabiana

171 1769 212 1794 se
229 1759 331 1793 acies
361 1764 510 1804 repente
541 1758 643 1793 velut
671 1758 773 1793 coelo
802 1758 966 1793 demissa
993 1757 1038 1792 ad
1066 1758 1243 1793 auxilium
1270 1757 1441 1793 ostendit.

170 1806 298 1853 Itaque
331 1806 542 1852 priusquam
576 1805 622 1841 ad
660 1806 869 1851 conjectum
906 1805 970 1840 teli
1007 1806 1145 1840 veniret
1185 1815 1248 1841 aut
1289 1817 1441 1841 manum

170 1859 389 1899 consereret,
424 1859 460 1888 et
494 1864 578 1888 suos
610 1865 633 1888 a
660 1853 746 1899 suga
778 1853 896 1888 effusa
923 1860 959 1888 et
987 1864 1009 1887 a
1042 1853 1153 1888 nimis
1181 1853 1294 1888 feroci
1320 1865 1444 1900 pugna

213 1934 222 1952 ¹
238 1932 354 1964 These
370 1932 468 1964 clests
485 1943 572 1964 were
590 1932 691 1964 taken
708 1932 899 1970 possession
915 1932 953 1964 of
970 1932 1001 1964 in
1018 1932 1074 1964 the
1091 1932 1201 1972 night.'

212 1976 226 1994 ²
241 1975 250 1989 ‘
265 1972 464 2013 Advancing
487 1983 529 2012 up
553 1972 609 2003 the
633 1972 715 2003 hill.’
762 1973 814 2003 As
837 1979 872 2003 to
894 1972 950 2004 the
973 1973 1199 2005 construction
1222 1972 1261 2004 os
1277 1974 1443 2006 succedere

172 2011 237 2044 and
265 2012 392 2044 similar
417 2014 527 2049 verbs,
553 2023 609 2044 see
636 2012 745 2043 Gram.
770 2012 788 2045 ὑ
811 2015 884 2049 250,
911 2013 992 2044 with
1015 2020 1091 2045 note
1116 2015 1143 2045 1.
1190 2013 1256 2045 We
1280 2024 1358 2054 may
1379 2023 1440 2054 say

172 2052 280 2084 either
294 2054 458 2085 succedere
472 2054 643 2088 tumulum,
663 2054 706 2083 ad
721 2055 890 2090 tumulum,
907 2063 943 2085 or
958 2055 1090 2085 tumulo.

217 2093 230 2112 ⁸
246 2096 254 2110 ⁴
266 2092 379 2124 Battle
395 2092 429 2124 in
443 2092 556 2129 front‚’
575 2092 733 2132 referring
750 2100 783 2124 to
799 2093 855 2124 the
872 2093 984 2126 attack
1005 2094 1039 2125 in
1060 2094 1117 2125 the
1140 2103 1212 2125 rear
1232 2093 1296 2125 and
1318 2104 1361 2126 on
1383 2093 1440 2126 the

172 2132 283 2165 flanks
299 2132 471 2165 described
487 2132 716 2172 immediately
731 2132 934 2165 afterwards.

213 2174 225 2193 ⁴
241 2176 250 2190 ‘
264 2173 317 2205 As
338 2173 476 2218 quickly
491 2183 527 2218 as
544 2172 559 2204 Ι
576 2172 741 2212 expected
757 2172 946 2210 (dreadedifl
993 2173 1069 2206 The
1093 2173 1210 2206 Latius
1233 2183 1288 2206 are
1304 2173 1383 2206 fond
1403 2173 1444 2206 of

173 2213 231 2245 the
246 2223 440 2253 expressmn
456 2213 538 2245 wtth
554 2225 619 2245 non
634 2214 737 2254 magis
753 2224 858 2254 quam.

213 2254 227 2272 ⁶
240 2253 331 2286 That
347 2253 388 2290 is,
406 2263 444 2286 so
458 2253 507 2285 far
521 2263 558 2285 as
574 2253 750 2298 command
765 2264 858 2294 goes.
876 2254 918 2286 he
935 2253 1129 2291 (Minucius)
1151 2253 1211 2286 has
1233 2255 1319 2286 been
1341 2254 1439 2287 made

173 2293 273 2367 fqdml
287 2300 323 2367 τὲ)
334 2295 493 2367 mejbaljpt
509 2304 546 2325 as
562 2300 595 2325 to
605 2293 754 2365 'mi-ltitary
764 2293 855 2333 skill,
874 2294 916 2326 he
932 2293 1071 2328 himself
1081 2300 1172 2327 must
1187 2304 1264 2326 now
1279 2294 1437 2327 acknow·

187 2345 206 2367 e
230 2344 272 2376 ge
323 2344 400 2367 anm
471 2344 662 2375 ssuperiori
679 2344 711 2374 y.
