1507 2492
647 81 773 108 LtBER
803 74 1379 111 11.16·1

109 168 176 192 suo
211 157 321 203 virgis
351 155 459 192 caedi
493 155 645 201 malunt,
675 167 786 202 quam
821 155 888 202 ipsi
916 155 951 190 in
984 154 1079 190 lecto
1121 166 1186 190 suo
1221 167 1244 190 a
1276 156 1380 193 vobis

109 204 306 240 trucidari!
371 203 450 243 Quo
492 203 647 238 ferocius
686 203 910 248 clamitabat,
945 213 989 237 eo
1021 202 1190 237 infestius
1223 204 1378 239 circum-

108 252 276 287 scindere
304 257 341 286 et
365 250 520 298 spoliare
546 251 657 285 lictor.
710 251 805 285 Tum
834 251 962 285 Volero
989 256 1025 285 et
1054 250 1270 297 praevalens
1298 251 1378 297 ipse

107 305 144 334 et
168 298 430 345 adjuvantibus
454 298 654 342 advocatis,
683 298 827 344 repulso
853 298 988 343 lictore,
1018 298 1079 333 ubi
1107 298 1379 344 indignantium

106 357 170 393 pro
203 347 255 381 se¹
280 346 482 380 acerrimus
515 351 593 380 erat
627 345 774 390 clamor,
806 357 848 380 eo
882 357 921 380 se
950 358 984 379 in
1020 345 1161 381 turbam
1191 346 1378 380 confertis-

107 405 239 428 stmam
267 393 407 447 recipit
437 393 633 428 clamitans
660 393 848 438 ‘Provoco,
869 399 906 427 et
932 392 1043 428 fidem
1070 393 1188 439 plebis
1213 393 1376 440 imploro.

106 441 258 494 Adeste,
294 443 418 475 cives:
451 440 591 486 adeste,
627 440 908 475 commilitones.
968 440 1068 475 Nihil
1098 447 1152 475 est
1185 441 1282 486 quod
1315 452 1377 476 ex-

105 488 264 541 pectetis
281 488 452 533 tribunos,
472 469 631 533 quibus
625 500 724 534 ipsus
742 495 861 522 vestro
879 488 1014 522 auxilio
1040 499 1132 533 opus
1156 489 1237 522 est.⁷
1287 489 1377 523 Con-

104 536 208 570 citati
243 535 411 570 homines
444 535 556 570 veluti
585 536 631 570 ad
668 535 843 580 proelium
885 547 923 569 se
960 536 1183 588 expediunt,
1226 547 1377 582 appare-

105 582 242 628 batque
268 594 378 618 omne
405 581 602 617 discrimen
631 583 773 628 adesse
798 581 887 616 nihil
913 583 1084 628 cuiquam
1112 589 1281 617 sanctum
1307 594 1378 618 non

105 630 243 676 publici
270 629 357 674 sore,
377 641 445 664 non
473 630 604 676 privati
629 630 730 676 juris
784 630 878 664 Huic
905 636 1027 664 tantae
1054 631 1265 676 tempestati
1291 642 1378 665 cum

105 689 144 712 se
186 677 356 712 consules
392 677 619 723 obtulissent,
655 677 763 712 facile
797 678 935 722 experti
970 684 1064 722 sunt,
1099 689 1224 723 parum
1260 684 1378 712 tutam

105 724 340 770 majestatem
370 725 449 759 sine
478 725 615 760 viribus
647 736 741 759 esse.
794 724 946 758 Violatis
979 725 1185 768 victoribus,
1215 725 1378 760 fascibus

103 771 239 817 fractis,
259 783 279 806 e
294 772 368 806 soro
387 772 419 806 in
440 772 576 807 curiam
593 772 870 818 compelluntur,
891 772 1028 817 incerti,
1049 779 1229 817 quatenus
1247 772 1377 807 Volero

104 825 291 854 exerceret
315 819 516 854 victoriam.
569 820 845 854 Conticescente
872 818 1007 853 deinde
1034 819 1202 864 tumultu,
1230 832 1313 854 cum
1342 820 1377 855 in

103 872 271 901 senatum
291 867 409 901 vocari
427 866 629 912 jussissent,
649 874 849 912 queruntur
867 866 1016 912 injurias
1035 878 1130 912 suas,
1151 868 1225 901 vim
1244 867 1375 914 plebis,

102 913 292 948 Voleronis
308 913 517 948 audaciam.
568 914 698 949 Multis
716 914 882 948 ferociter
900 915 1009 948 dictis
1032 915 1232 960 sententiis,
1252 926 1376 950 vicere

102 961 274 1014 seniores,
308 961 441 1007 quibus
475 961 528 996 ira
566 962 713 997 Patrum
752 961 930 996 adversus
967 962 1215 997 temeritatem
1258 962 1378 1009 plebis

102 1009 234 1043 certari
253 1020 323 1043 non
341 1008 491 1055 placuit.

150 1059 209 1091 56.
245 1056 463 1091 Voleronem
497 1056 670 1110 amplexa
703 1056 825 1091 favore
859 1056 964 1102 plebs
1000 1057 1176 1109 proximis
1217 1057 1378 1092 comitiis

102 1103 288 1138 tribunum
317 1103 430 1150 plebi²
457 1112 557 1138 creat
587 1117 619 1138 in
651 1116 734 1138 eum
766 1116 914 1149 annum,
946 1116 1006 1149 qut
1038 1105 1076 1139 L.
1108 1105 1303 1157 Pinarium,
1337 1105 1376 1140 P.

103 1150 257 1186 Furium
290 1151 458 1185 consules
491 1151 632 1186 habuit
699 1152 903 1197 Contraque
946 1153 1110 1186 omnium
1153 1153 1375 1198 opinionem,

103 1198 167 1244 qui
212 1209 296 1232 eum
340 1198 518 1232 vexandis
558 1199 687 1244 prioris
727 1199 811 1232 anni
849 1199 1058 1234 consulibus
1102 1200 1378 1251 permissurum³

103 1245 326 1280 tribunatum
353 1245 563 1287 credebant,
590 1252 670 1292 post
696 1246 883 1292 publicam
910 1257 1061 1281 causam
1088 1248 1226 1292 privato
1252 1247 1376 1282 dolore

102 1292 239 1339 habito,
281 1305 327 1328 ne
369 1292 479 1328 veibo
522 1294 671 1339 quidem
714 1293 858 1328 violatis
895 1294 1114 1338 consulibus,
1152 1295 1377 1340 rogationem

104 1340 184 1375 tulit
217 1340 263 1374 ad
298 1340 484 1386 populum,
520 1347 558 1375 ut
601 1340 736 1387 plebeii
773 1342 1006 1385 magistratus
1040 1322 1209 1377 tributis1³
1215 1342 1376 1377 comitiis

101 1388 243 1423 fierent.
296 1388 400 1423 Haud
437 1399 548 1434 parva
584 1401 640 1423 res
673 1388 740 1423 sub
774 1383 877 1423 titulo
913 1390 1030 1435 prima
1063 1390 1186 1435 specie
1219 1391 1375 1425 minime

101 1435 215 1470 atroci
249 1435 443 1480 serebatur,
472 1436 535 1470 sed
570 1448 665 1481 quae
698 1437 858 1482 patriciis
891 1448 1039 1471 omnem
1066 1444 1283 1483 potestatem
1312 1449 1377 1484 per

102 1483 297 1518 clientium
323 1483 495 1528 suffragia
521 1483 681 1529 creandi,
709 1495 799 1529 quos
825 1483 971 1529 vellent,
1001 1485 1165 1520 tribunos
1189 1485 1376 1520 auferret-⁴

104 1530 197 1565 Huic
230 1531 378 1565 actioni-'²
410 1531 637 1583 gratissimae
670 1531 768 1576 plebi
801 1543 884 1565 cum
921 1543 1065 1566 summa
1097 1533 1132 1566 vi
1167 1533 1376 1567 resisterent

102 1578 239 1620 Patres,
260 1589 338 1623 nec,
357 1590 451 1624 quae
471 1590 542 1613 una
560 1590 616 1613 vrs
632 1578 679 1612 ad
699 1579 940 1613 resistendum
961 1586 1047 1623 erat,
1067 1585 1106 1613 ut
1130 1579 1376 1614 intercederet

102 1625 235 1672 aliquis
265 1637 311 1661 ex
337 1625 518 1672 collegio,⁶
535 1626 747 1660 auctoritate
775 1634 837 1660 aut
863 1626 1056 1661 consulum
1081 1633 1143 1661 aut
1168 1628 1375 1674 principum

143 1736 235 1768 ¹Pr0
257 1748 292 1768 se
313 1737 450 1768 denotes
474 1736 525 1767 his
548 1747 689 1775 purpose
714 1747 747 1767 to
777 1737 900 1768 betake
931 1737 1070 1768 himself
1090 1746 1124 1769 to
1147 1737 1217 1769 that
1243 1745 1376 1777 quarter

102 1777 240 1808 whence
257 1787 350 1808 arose
364 1777 418 1808 the
437 1777 566 1808 loudest
584 1777 754 1808 clamour
748 1788 778 1807 tn
796 1777 847 1808 his
864 1778 916 1808 sav
919 1788 998 1815 our;
1025 1778 1080 1809 the
1097 1789 1194 1809 sense
1212 1778 1239 1809 is
1263 1779 1372 1810 there·

101 1817 170 1848 fore
186 1817 376 1856 equivalent
395 1825 427 1848 to
443 1819 497 1848 ubi
511 1819 666 1848 sentiebat
690 1819 878 1849 acerrimum
901 1819 1148 1859 indignantium
1166 1830 1226 1859 pro
1248 1830 1283 1850 se
1306 1831 1375 1851 esse

101 1859 275 1890 clamorem.
322 1857 487 1903 Compare
504 1858 597 1896 chap.
615 1860 664 1890 43.

122 1898 154 1970 1²
167 1898 311 1929 Ancieut
328 1899 475 1938 genitive
492 1898 540 1929 for
552 1899 664 1939 plebei,
680 1897 762 1929 from
777 1899 893 1939 plebes,
914 1898 968 1930 the
984 1898 1068 1930 form
1084 1898 1122 1930 of
1138 1898 1207 1930 the.
1217 1899 1291 1931 fifth
1315 1899 1370 1932 de·

101 1949 120 1970 c
134 1939 371 2015 ξῃῧὲῗνιηίιιενε,
391 1979 424 2010 in
440 1978 496 2010 the
512 1989 609 2024 sense
637 1982 690 2010 ‘to
714 1978 756 2009 let
782 1978 905 2017 loose3'
931 1979 1083 2025 properly
1100 1980 1182 2012 used
1204 1981 1243 2012 of
1259 1980 1370 2012 horse-

102 2029 179 2050 men
197 2029 233 2050 or
250 2029 445 2058 waggoners
463 2019 538 2050 who
555 2019 629 2058 give
647 2019 732 2049 their
747 2019 862 2064 horses
879 2020 934 2051 the
951 2021 1032 2051 rein.

142 2060 153 2077 ⁴
168 2058 196 2090 It
221 2069 358 2098 appears
381 2059 465 2090 from
488 2059 553 2090 this
577 2069 716 2104 passage
741 2059 810 2090 that
834 2059 868 2090 in
891 2060 946 2091 the
972 2060 1117 2092 Comitia
1145 2060 1286 2092 Tributa
1313 2067 1370 2092 not

102 2109 186 2130 even
205 2098 258 2130 the
281 2099 400 2131 clients
420 2099 458 2130 os
476 2099 531 2130 the
555 2100 743 2138 patriciam,
769 2100 868 2131 much
892 2100 958 2132 less
981 2100 1036 2131 the
1060 2101 1238 2140 patricians
1262 2101 1368 2131 them-

101 2139 224 2176 selves,
243 2149 330 2170 were
347 2139 488 2171 allowed
505 2147 538 2170 to
551 2146 638 2170 vote.
683 2139 802 2171 Before
826 2140 890 2172 this
915 2142 994 2172 time
1012 2141 1068 2172 the
1093 2142 1241 2172 tribunes
1257 2140 1295 2171 of
1313 2141 1369 2172 the

101 2178 218 2218 people
235 2190 323 2211 were
338 2180 489 2212 elected
481 2190 514 2211 m
527 2180 583 2211 the
601 2179 746 2212 Comitia
761 2181 908 2219 Curiata,
923 2192 959 2213 as
978 2181 1094 2212 Cicero
1110 2180 1172 2212 and
1189 2180 1370 2220 Dionysius

102 2219 282 2291 ΕΨὲἰῗὲἴ.
293 2228 487 2299 ’ἒιῗᾞῖοἷὲτ
507 2267 583 2291 120oe
599 2262 630 2291 4.

141 2300 154 2318 ⁶
169 2299 328 2340 Namely‚
347 2302 559 2332 tribunorum.
