1539 2508
108 76 186 112 136
645 83 681 108 T.
711 82 824 107 mvn.

101 160 234 196 Tutius
263 159 382 193 visum
415 164 471 192 est
505 156 655 192 defendi
690 156 851 190 inermes
883 155 1040 200 Latinos,
1068 163 1181 199 quarn
1208 152 1284 198 pati
1312 163 1366 187 re-

101 213 256 243 tractare
283 217 397 240 arma.
449 205 620 239 Vetusius
649 203 775 237 consul
805 202 939 236 missus
966 207 1033 235 est.
1085 201 1120 236 Is
1147 200 1231 235 finis
1253 211 1367 246 popu·

102 255 298 291 lationibus
324 254 413 288 fuit:
439 264 584 286 cessere
610 251 728 295 Aequi
755 250 905 295 campis,
934 249 1086 294 locoque
1114 248 1230 293 magis
1254 258 1368 293 quarn.

102 304 214 338 armis
246 301 326 336 freti
363 301 516 334 summis
550 310 589 332 se
622 298 720 344 jugis
754 298 934 332 montium
977 296 1195 330 tutabantur.
1262 295 1368 330 Alter

103 349 230 385 consul
257 349 291 383 in
321 348 471 381 Volscos
496 346 692 392 profectus,
712 357 757 379 ne
784 354 819 378 et
848 346 924 389 ipse
952 350 1083 378 tereret
1109 351 1265 388 tempus,
1285 353 1366 377 vas·

103 398 224 432 tandis
253 396 413 430 maxime
447 396 542 439 agris
576 394 719 428 hostem
746 391 792 426 ad
821 390 1044 426 conserenda
1072 390 1220 436 propius
1247 397 1367 424 castra

103 444 428 487 dimicandumque
462 443 540 476 acie
575 441 722 475 excivit.
786 439 912 473 Medio
946 439 1039 472 inter
1072 445 1190 471 castra
1222 447 1364 482 campo,

102 498 187 527 ante
207 502 314 525 suum
332 491 488 535 quisque
507 489 655 533 vallum,
677 487 819 522 infestis
845 487 958 531 signis
982 485 1188 520 constitere.
1239 484 1366 518 Multi·

105 539 232 575 tudine
262 538 490 583 aliquantum
519 537 641 570 Volsci
671 535 913 580 superabant5
944 534 1066 578 itaque
1090 531 1200 566 effusi
1224 538 1259 566 et
1282 542 1366 566 con-

105 586 273 632 temptim
310 596 469 630 pugnarn
511 585 635 618 iniere.
704 581 834 617 Consul
871 582 1053 616 Romanus
1085 590 1155 613 nec
1188 578 1366 624 promovit

104 634 237 679 aciem,
266 644 334 667 nec
362 632 560 666 clamorem
589 630 688 665 reddi
716 641 857 675 passus,
884 628 1015 662 defixis
1040 626 1134 673 pilis¹
1162 632 1256 660 stare
1283 636 1368 660 suos

111 681 238 726 jussit;
271 680 332 714 ubi
361 679 406 713 ad
435 690 585 713 manum
616 678 775 711 venisset
805 677 929 721 hostis,
958 682 1035 709 tum
1064 680 1204 709 coortos
1233 678 1305 708 tota
1332 673 1367 707 vi

105 729 239 774 gladiis
269 739 345 761 rem
373 737 512 772 gerere.
564 725 688 760 Volsci
717 735 822 758 cursu
853 730 889 758 et
919 723 1077 757 clamore
1105 721 1193 756 sessi
1213 732 1297 756 cum
1326 731 1366 755 se

106 776 207 810 velut
235 774 468 820 stupentibus
494 780 596 808 metu
632 772 837 807 intulissent
863 770 1046 814 Romanis,
1074 774 1267 815 postquam
1301 767 1367 802 im-

106 823 331 869 pressionem
351 833 497 856 sensere
517 832 563 856 ex
580 820 734 854 adverso
762 819 896 853 saetam
924 824 960 852 et
986 823 1070 851 ante
1089 816 1213 850 oculos
1231 815 1367 849 micare

106 870 257 916 gladios,
286 869 383 903 haud
411 880 517 903 secus
546 879 657 913 quam
687 867 718 900 si
748 866 783 900 in
813 865 961 900 insidias
984 864 1205 908 incidissent,
1233 862 1367 897 turbati

107 924 252 952 vertunt
282 924 405 962 terga3
439 922 475 950 et
504 927 550 949 ne
579 914 625 949 ad
660 913 787 957 sugam
821 913 971 958 quidem
996 911 1085 945 satis
1111 911 1242 944 virium
1274 909 1369 955 suit,52

108 966 193 1010 quia
222 975 327 998 cursu
360 964 396 998 in
427 963 604 1008 proelium
633 962 755 995 ierant.
808 960 961 995 Romani
990 964 1126 1003 contra,
1151 958 1240 1003 quia
1272 957 1368 1002 prin·

107 1012 200 1058 cipio
219 1022 362 1057 pugnae
380 1010 492 1056 quieti
511 1014 695 1054 steterant,
714 1008 878 1052 vigentes
891 1006 1110 1052 corporibus,
1125 1004 1232 1040 facile
1243 1003 1368 1050 adepti

108 1059 234 1102 sessos,
255 1066 290 1092 et
317 1066 436 1092 castra
465 1058 603 1102 impetu
631 1061 816 1101 ceperunt,
835 1062 871 1089 et
899 1054 1028 1088 castris
1053 1059 1204 1087 exutum
1224 1051 1368 1087 hostem

109 1107 268 1140 Velitras
294 1105 473 1151 persecuti
500 1116 571 1138 uno
597 1103 745 1149 agmine
764 1103 919 1136 victores
945 1112 1028 1135 curn
1047 1100 1154 1134 victis
1180 1101 1215 1134 in
1241 1099 1369 1134 urbem

110 1154 283 1199 irrupere.
337 1152 495 1197 Plusque
514 1152 563 1186 ibi
582 1150 776 1195 sanguinis,
790 1149 999 1195 promiscua
1011 1147 1173 1182 omnium
1192 1157 1370 1192 generum

109 1203 236 1247 caede,
257 1212 366 1246 quam
387 1200 419 1234 in
441 1200 516 1245 ipsa
534 1198 768 1233 dimicatione
788 1196 954 1231 facturn.³
1003 1195 1138 1230 Paucis
1150 1194 1236 1229 data
1249 1193 1368 1240 venia,

110 1250 171 1294 qui
193 1249 352 1283 inermes
371 1247 405 1281 in
425 1246 653 1281 deditionem
671 1250 860 1278 venerunt.

160 1299 213 1330 31.
246 1296 341 1330 Dum
373 1294 464 1328 haec
492 1295 525 1327 in
557 1293 700 1327 Volscis
729 1298 911 1336 geruntur,
939 1290 1092 1325 dictator
1120 1289 1280 1333 Sabinos,
1307 1288 1371 1323 ubi

111 1342 217 1388 longe
245 1343 442 1388 plurimum
460 1341 546 1375 belli
566 1340 693 1384 fuerat,
714 1339 829 1373 fundit
857 1338 1032 1383 fugatque
1050 1344 1086 1371 et
1105 1337 1204 1371 exuit
1230 1336 1369 1371 castris.

113 1390 288 1435 Equitatu
320 1388 483 1423 immisso
511 1387 673 1422 mediam
704 1386 911 1420 turbaverat
940 1384 1098 1419 hostium
1127 1384 1258 1429 aciem,
1285 1394 1369 1429 qua,

111 1437 200 1472 dum
243 1448 281 1472 se
323 1447 458 1471 cornua
498 1434 607 1469 latius
649 1433 822 1479 pandunt,
866 1443 995 1477 parum
1036 1437 1122 1477 apte
1163 1431 1372 1466 introrsum⁴

111 1484 298 1519 ordinibus
323 1484 442 1518 aciem
470 1482 713 1517 firmaverant.
765 1480 944 1514 Turbatos
969 1478 1085 1525 pedes
1110 1478 1250 1513 invasit.
1303 1478 1372 1513 Eo-

112 1532 198 1566 dem
219 1533 355 1577 impetu
381 1536 498 1564 castra
524 1536 632 1575 capta
658 1527 958 1573 debellatumque
986 1532 1051 1561 est.
1104 1526 1188 1561 Post
1213 1536 1373 1572 pugnam

112 1579 161 1614 ad
189 1579 370 1624 Regillum
397 1578 518 1612 lacum
546 1588 615 1611 non
643 1576 714 1610 alia
749 1575 820 1610 illis
852 1575 957 1609 annis
990 1585 1113 1620 pugna
1138 1574 1266 1608 clarior
1289 1572 1372 1608 fuit.

117 1640 1374 1651 ffl-——ffl

154 1688 164 1704 ¹
181 1689 187 1702 ‘
202 1684 297 1715 With
314 1684 369 1715 the
381 1685 449 1724 pila
463 1682 578 1722 placed
591 1693 632 1713 on
645 1687 702 1717 (or,
716 1688 750 1712 to
767 1681 852 1719 keep
868 1681 960 1712 them
976 1679 1104 1720 steady‚
1118 1680 1260 1719 perhaps
1275 1679 1375 1711 stuck

116 1726 196 1759 into)
213 1725 267 1756 the
285 1724 437 1764 ground.‘
457 1723 644 1761 equivalent
670 1730 703 1753 to
726 1733 785 1752 our
801 1721 945 1760 military
961 1721 1154 1760 expression
1172 1724 1179 1736 ‘
1191 1720 1272 1751 with
1289 1720 1376 1752 their

113 1776 201 1796 arms
224 1764 416 1804 grounded.⁷
464 1763 549 1802 Livy
573 1763 632 1794 has
655 1773 696 1793 no
719 1762 821 1793 doubt
846 1761 996 1796 omitted,
1023 1761 1056 1791 in
1079 1760 1286 1800 mentioning
1317 1760 1374 1792 the

115 1805 239 1840 orders,
259 1812 292 1835 to
309 1805 382 1843 give
401 1804 580 1834 this—that
605 1814 640 1834 as
663 1813 744 1834 soon
766 1813 801 1833 as
825 1802 880 1833 the
903 1811 1024 1840 enemy
1041 1811 1110 1832 was
1126 1800 1242 1831 within
1259 1811 1371 1838 range,

116 1846 171 1876 the
187 1847 253 1886 pila
271 1844 389 1875 should
407 1845 446 1874 be
465 1844 565 1874 taken
582 1854 624 1882 up
642 1842 703 1874 and
721 1843 861 1877 thrown,
881 1842 942 1872 and
961 1841 1040 1872 then
1056 1842 1126 1878 (but
1143 1847 1200 1872 not
1215 1840 1266 1872 till
1282 1836 1373 1877 then)

115 1886 172 1917 the
189 1885 328 1916 soldiers
345 1884 463 1915 should
481 1884 593 1915 attack
611 1884 691 1914 with
709 1883 794 1914 their
810 1881 938 1914 swords
955 1881 1078 1913 drawn.

155 1927 167 1944 ²
181 1926 244 1956 See
261 1925 316 1955 the
334 1935 424 1955 same
443 1925 572 1962 phrase,
593 1924 686 1962 chap.
704 1926 752 1954 26.

155 1966 168 1984 ³
183 1965 384 2005 Sanguinem
392 1965 502 2004 facere
524 1975 594 1994 rare
611 1964 658 1994 for
673 1965 794 1995 caedem
801 1963 923 2002 facere.
967 1961 998 1993 It
1021 1971 1135 1993 occurs
1158 1960 1237 2000 only
1252 1961 1284 1992 in
1307 1967 1375 1993 two

117 2005 213 2037 other
236 2015 406 2044 passageS,
427 2004 469 2034 ix.
496 2006 546 2039 13,
573 2005 616 2034 ibi
634 2006 722 2043 plus,
742 2014 837 2042 quam
861 2005 896 2034 in
917 2003 995 2039 acie,
1013 2002 1189 2041 sanguinis
1212 2013 1250 2033 ac
1269 2004 1376 2034 caedis

114 2047 253 2084 [πίπτω
279 2045 342 2076 and
360 2054 460 2075 xxxv.
475 2046 524 2075 51.
545 2045 685 2074 nondum
698 2050 754 2074 aut
773 2045 891 2074 indicto
906 2044 995 2077 bello,
1014 2048 1072 2073 aut
1088 2043 1135 2072 ita
1149 2043 1322 2077 commisso,
1339 2048 1375 2073 ut

116 2087 244 2117 strictos
256 2086 382 2125 gladios
398 2090 454 2114 aut
469 2085 661 2123 sanguinem
669 2084 797 2122 factum
812 2094 948 2122 usquam
962 2084 1143 2114 audissent.
1187 2081 1227 2113 In
1236 2084 1376 2113 omnium

142 2138 280 2162 eaerum,
304 2129 311 2141 ‘
325 2125 367 2155 all
384 2124 507 2155 classes
521 2123 558 2154 of
575 2123 630 2153 the
647 2123 863 2161 population‚’
884 2123 970 2162 Livy
982 2121 1083 2154 refers
1099 2132 1141 2152 no
1157 2121 1257 2153 doubt
1272 2129 1306 2153 to
1319 2122 1376 2153 the

132 2174 195 2201 act,
215 2166 284 2196 that
303 2164 449 2196 Velitrae
467 2174 535 2194 was
559 2163 711 2201 properly
728 2174 746 2194 a
763 2163 859 2194 Latin
885 2170 974 2194 town
991 2161 1101 2193 which
1123 2161 1187 2193 had
1210 2162 1294 2193 been
1317 2163 1375 2193 but

118 2206 267 2277 recelmllly
283 2205 386 2238 taken
400 2205 444 2244 by
461 2203 517 2235 the
535 2203 661 2239 Volsci,
681 2203 745 2234 and
761 2203 793 2234 in
810 2203 920 2234 which
937 2203 1055 2234 Latins
1076 2201 1145 2234 still
1160 2201 1262 2234 dwelt
1277 2201 1377 2243 along

119 2253 176 2278 wit
218 2253 229 2276 t
256 2256 320 2277 em.

159 2287 172 2305 ⁴
187 2289 195 2303 ¹
208 2285 400 2324 Inwardly,‘
420 2286 464 2324 by
480 2290 592 2323 troops
607 2282 721 2323 placed
738 2283 861 2316 behind
876 2283 958 2316 each
973 2282 1078 2315 other.
