1539 2508
146 81 225 118 336
688 93 725 118 Τ.
747 93 860 118 Livii.

146 166 273 212 Itaque
291 166 495 202 redimendi
514 177 553 201 se
581 166 734 212 captivis
759 167 904 213 copiam
922 165 1064 201 facere.
1091 165 1248 213 pretium
1265 164 1343 201 fore
1369 165 1407 202 in

145 216 267 260 capita
292 214 403 260 equiti
429 215 630 259 quinfrenos
649 213 881 259 quadrigatos
898 224 1078 257 nummos,
1098 221 1265 248 trecenos
1281 213 1405 266 pediti,

143 274 247 296 servo
273 268 456 296 centenos.
508 262 742 307 Quamquam
773 262 1000 307 aliquantum
1034 260 1275 307 adjiciebatur
1305 260 1406 307 equi-

144 309 241 344 tibus
257 309 304 343 ad
323 309 357 343 id
378 309 546 354 pretium,
567 320 638 354 quo
657 309 882 354 pepigerant¹
901 308 1082 343 dedentes
1098 319 1148 354 se,
1168 308 1255 343 laeti
1280 313 1407 343 tamen

142 356 415 402 quamcunque²
448 355 700 390 condicionem
737 356 947 401 paciscendi
977 335 1211 402 acceperimt.
1263 355 1407 390 Placuit

143 404 312 449 suffragio
351 415 509 456 ipsorum
551 403 682 438 decem
721 403 832 448 deligi
869 403 933 449 qui
970 403 1123 438 Romam
1156 403 1203 438 ad
1237 409 1406 438 senatum

142 451 258 496 irent,
285 462 354 485 nec
380 462 513 497 pignus
538 450 638 485 aliud
666 450 751 485 fidei
777 462 889 496 quam
915 457 953 486 ut
977 450 1138 496 Jurarent
1163 462 1203 485 se
1230 450 1407 485 redituros

141 505 348 551 acceptum.
400 498 541 533 Missus
558 510 643 532 cum
664 497 722 532 his
739 497 907 533 Carthalo
926 497 1057 533 nobilis
1079 496 1404 543 Carthaginiensis,

141 547 215 590 qui,
235 546 264 580 si
283 546 372 580 forte
399 545 444 580 ad
473 557 603 591 pacem
630 545 821 580 inclinaret
847 545 1016 590 animos?
1032 545 1265 580 condiciones
1282 544 1404 580 ferret.

142 594 232 628 Cum
269 593 406 638 egressi
440 594 569 627 castris
603 599 737 638 essent,
767 604 860 628 unus
893 605 939 628 ex
973 593 1025 638 iiS,
1063 593 1215 628 minime
1251 591 1405 628 Romani

142 640 276 685 ingenii
291 622 429 693 ³1101n0,
467 640 577 675 veluti
610 640 747 685 aliquid
785 640 930 685 oblitus,
964 639 1199 692 jurisjurandi
1240 639 1404 675 solvendi

141 699 252 722 causa
270 699 355 722 curn
376 700 409 722 in
428 694 546 722 castra
565 687 728 733 redisset,
747 694 833 722 ante
851 695 997 723 noctem
1015 688 1169 722 comites
1184 687 1403 733 assequitur.

142 734 210 770 Ubi
242 736 396 770 Romam
426 736 549 769 venire
579 746 642 769 eos
670 736 883 770 nunciatum
913 742 980 778 est,
1015 734 1226 770 Carthaloni
1257 734 1404 770 obviam

141 782 241 816 lictor
260 783 402 828 missus,
422 784 481 827 qui
506 783 693 817 dictatoris
719 782 840 818 verbis
866 783 1057 818 nunciaret
1083 788 1119 817 ut
1145 789 1230 817 ante
1256 788 1404 817 noctem

141 829 337 864 excederet
364 830 500 865 finibus
528 831 722 875 Romanis,
759 830 891 875 legatis
919 830 1147 877 captivorum
1175 835 1325 864 senatus
1355 828 1405 864 ab

140 876 318 912 dictatore
337 877 443 912 datus
462 885 528 912 est.

189 928 245 958 59.
273 925 435 963 Quorum
454 925 623 971 princeps
643 925 694 959 M.
713 925 846 959 Junius
865 925 1011 959 <Patres
1035 924 1254 970 conscripti,'
1274 923 1401 970 inquit,

142 973 271 1006 ‘nemo
302 978 462 1006 nostrum
495 973 633 1017 ignorat
662 972 752 1006 nulli
781 983 942 1017 unquam
969 972 1108 1007 civitati
1128 971 1271 1006 viliores
1288 971 1404 1006 fuisse

140 1019 305 1064 captivos
337 1031 449 1065 quam
484 1026 640 1053 nostrae.
708 1019 880 1054 Ceterum
921 1020 990 1054 nisi
1034 1019 1139 1054 nobis
1172 1019 1267 1065 plus⁴
1306 1017 1404 1064 justo

141 1073 260 1101 nostra
278 1067 398 1113 placet
417 1078 538 1111 causa,
560 1078 629 1101 non
656 1066 717 1101 alii
746 1078 908 1112 unquam
934 1068 1056 1102 minus
1073 1065 1282 1112 negligendi
1301 1066 1405 1101 vobis

140 1126 251 1159 quam
281 1126 344 1148 nos
375 1126 410 1148 in
442 1114 601 1148 hostium
631 1120 849 1159 potestatem
879 1120 1071 1149 venerunt.
1122 1115 1204 1148 Non
1234 1113 1331 1148 enim
1366 1113 1404 1148 in

140 1173 219 1196 acie
254 1173 318 1208 per
351 1162 521 1197 timorem
563 1173 666 1195 arma
709 1161 935 1206 tradidimus,
971 1162 1035 1196 sed
1078 1173 1162 1196 cum
1204 1171 1315 1208 prope
1355 1160 1403 1195 ad

140 1216 284 1244 noctem
314 1215 564 1255 superstantes
593 1208 751 1243 cumulis
779 1220 968 1244 caesorum
998 1220 1041 1244 co
1110 1220 1187 1243 rum
1222 1207 1401 1255 proelium

139 1257 435 1302 extinxissemus,
472 1269 507 1291 ιη
542 1263 661 1291 castra
695 1256 903 1302 recepimus
927 1268 1012 1302 nos,
1046 1219 1126 1291 ¹diiii
1153 1255 1332 1302 reliquum
1358 1266 1403 1290 ac

139 1311 283 1338 noctem
327 1304 597 1350 insequentem,
633 1304 719 1338 fessi
762 1304 884 1338 labore
925 1316 970 1339 ac
1003 1303 1227 1349 vulneribus,
1262 1302 1402 1337 vallum

140 1363 267 1386 sumus
293 1353 421 1396 tutati,
448 1358 590 1397 postero
609 1351 680 1396 die,
701 1362 785 1386 cum
813 1351 1049 1386 circumsessi
1075 1351 1122 1386 ab
1148 1350 1310 1386 exercitu
1329 1350 1403 1385 vic·

140 1404 216 1433 tore
250 1411 346 1445 aqua
379 1410 599 1445 arceremur,
635 1411 704 1433 nec
739 1398 815 1433 ulla
850 1398 927 1445 jam
961 1410 1026 1445 per
1058 1397 1240 1433 confertos
1280 1397 1404 1432 hostes

139 1446 355 1498 erumpendi
387 1458 472 1492 spes
506 1452 613 1492 esset,
641 1458 709 1481 nec
743 1457 825 1481 esse
851 1446 956 1481 nefas
980 1446 1201 1481 duceremus
1226 1445 1402 1492 quinqua-

139 1494 241 1538 ginta
270 1493 424 1528 milibus
452 1493 643 1528 hominum
677 1506 722 1529 ex
751 1494 833 1528 acie
868 1503 989 1528 nostra
1022 1493 1210 1528 trucidatis
1240 1493 1402 1538 aliquem

139 1552 184 1575 ex
203 1541 385 1576 Cannensi
412 1552 534 1587 pugna
560 1541 764 1576 Romanum
790 1541 947 1576 militem
975 1547 1120 1586 restare,
1145 1548 1222 1575 tum
1248 1539 1402 1575 demum

139 1590 234 1633 pacti
265 1601 393 1623 sumus
419 1589 579 1635 pretium
607 1600 679 1634 quo
708 1588 887 1634 redempti
917 1589 1198 1634 dimitteremur,
1224 1598 1337 1632 arma,
1364 1586 1402 1622 in

139 1636 274 1680 quibus
309 1636 401 1671 nihil
434 1648 509 1682 Jam
544 1636 670 1670 auxilii
705 1642 791 1680 erat,
823 1635 918 1670 hosti
952 1635 1178 1671 tradidimus.
1239 1634 1403 1681 Majores

139 1694 284 1729 quoque
311 1695 576 1737 acceperamus
604 1695 644 1718 se
672 1695 694 1718 a
721 1662 838 1718 Gal’lis
864 1695 951 1718 auro
975 1682 1198 1736 redemisse,
1226 1691 1263 1717 et
1279 1687 1402 1728 patres

141 1737 290 1777 vestros,
309 1731 532 1777 aspenimos
549 1730 630 1765 illos
647 1731 694 1766 ad
712 1730 967 1765 condicionem
990 1729 1103 1777 pacis,
1122 1730 1263 1775 legatos
1279 1736 1402 1764 tamen

140 1778 365 1824 captivorum
392 1778 687 1813 redimendorum
712 1778 827 1824 gratia
843 1778 1058 1813 Tarentum⁵
1081 1777 1237 1813 misisse.
1286 1776 1401 1822 Atqui

181 1907 188 1924 ¹
207 1909 214 1922 ⁴
231 1905 285 1936 On
307 1905 417 1936 which
441 1905 519 1944 they
537 1905 602 1936 had
625 1905 778 1945 agreed*
805 1916 862 1937 see
886 1906 980 1945 chap.
998 1908 1048 1937 52.
1092 1905 1169 1937 The
1191 1905 1336 1938 ablative
1358 1905 1397 1937 of

140 1946 228 1984 price
245 1945 325 1976 with
339 1957 492 1986 pangere,
512 1956 547 1976 as
572 1946 649 1976 well
671 1957 707 1977 as
729 1947 859 1986 pacisci,
877 1946 959 1978 both
974 1931 1080 1978 ‘verbs
1103 1946 1226 1986 having
1247 1952 1282 1978 to
1303 1956 1399 1978 some

141 1992 253 2016 extent
271 1985 326 2016 the
343 1995 436 2016 same
453 1985 687 2025 signification.
733 1986 797 2017 See
817 1986 927 2017 Gram.
947 1986 964 2020 ᾗ
983 1989 1052 2019 157.

180 2028 192 2044 ²
209 2029 215 2041 ⁶
230 2027 309 2064 Any
329 2025 510 2064 ’properly
526 2027 708 2064 quamlibet,
727 2027 871 2063 because
888 2026 1052 2058 absolute.
1097 2026 1232 2066 Zumpt,
1251 2026 1270 2060 ᾖ
1286 2028 1358 2058 706.

181 2065 311 2096 ³‘1fhe
323 2065 441 2096 should
456 2065 575 2096 incline
591 2066 675 2097 their
689 2066 796 2097 minds
811 2066 918 2102 (those
932 2066 969 2097 of
980 2067 1036 2098 the
1051 2066 1212 2101 Romans)
1226 2073 1260 2097 to
1272 2066 1397 2105 peace.⁷

141 2104 271 2136 PhiS1s
294 2105 350 2136 the
374 2105 510 2145 reading
532 2105 569 2135 of
588 2106 642 2136 the
668 2107 740 2137 best
766 2107 999 2146 manuscripts.
1044 2106 1119 2138 The
1142 2116 1297 2138 common
1319 2116 1397 2143 one,

141 2146 171 2175 si
181 2146 376 2176 inclinarent
389 2147 556 2177 animos:
564 2146 595 2176 si
607 2145 749 2177 Romani
760 2159 794 2178 se.
808 2148 1016 2191 inclinarent,
1029 2146 1188 2178 excludes
1199 2156 1263 2186 any
1273 2156 1401 2186 agency

143 2183 178 2214 of
198 2184 368 2220 Carthalo
394 2185 456 2216 and
480 2186 563 2216 such
586 2196 605 2216 a
627 2193 712 2216 state
729 2186 766 2216 of
783 2187 873 2218 mind
897 2187 931 2217 in
951 2186 1008 2217 the
1031 2186 1182 2218 Romans
1198 2197 1268 2218 was
1290 2186 1401 2218 rather

142 2233 233 2255 more
250 2225 330 2256 than
346 2225 512 2256 Hannibal
529 2225 626 2256 could
639 2234 777 2257 venture
794 2234 828 2257 to
843 2233 972 2264 expect.

181 2266 193 2283 ⁴
208 2265 258 2295 As
275 2271 309 2296 to
323 2266 397 2305 plus
414 2265 462 2296 for
478 2268 594 2306 magis,
612 2276 669 2296 see
687 2266 821 2304 Zumpt,
841 2266 859 2294 Q
875 2269 950 2303 725,

182 2307 194 2323 ⁵
212 2303 334 2336 Where
360 2304 414 2336 the
438 2292 546 2337 head-
543 2313 693 2344 quarters
710 2306 747 2337 of
765 2306 856 2346 King
873 2290 957 2345 Pyri·
985 2316 1024 2338 us
1040 2315 1128 2338 were
1151 2307 1184 2338 in
1206 2305 1264 2338 the
1280 2306 1401 2338 winter
