1507 2492
653 88 780 115 mmm
809 89 852 115 1¹.
1136 110 1142 120 ,
1322 74 1399 112 153

135 165 304 208 consulis,
332 169 510 212 quantum
539 163 574 198 in
604 164 657 198 se¹
686 162 763 207 fuit,
794 161 980 208 prodebat.
1030 160 1126 195 Nam
1156 170 1243 194 cum
1272 157 1401 194 consul

162 220 280 248 raeter
295 219 438 248 ceteras
462 211 713 257 imperatorias
737 217 844 254 artes,
864 220 955 255 quas
980 207 1139 254 parando
1165 205 1400 252 gerendoque

162 261 232 296 ello
259 259 373 295 edidit
401 259 585 305 plurimas,
617 259 665 292 ita
699 258 926 292 instruxisset
959 257 1089 300 aciem,
1121 262 1156 289 ut
1193 254 1266 288 solo
1300 254 1401 299 equi-

136 314 211 343 tatu
229 308 363 343 emisso
381 307 581 341 exercitum
610 305 767 340 hostium
795 304 973 348 funderet,
995 302 1135 348 insequi
1164 301 1261 336 susos
1286 300 1403 347 pedes

135 354 259 390 noluit.
310 355 390 390 Nec
416 354 504 398 illos,
532 361 567 388 et
595 354 640 387 si²
669 364 735 387 non
770 351 973 386 adhortatio
1007 350 1111 384 invisi
1145 349 1261 393 ducis,
1292 359 1402 382 suum

135 403 266 437 saltem
293 401 473 447 flagitium
502 408 538 435 et
572 400 760 446 publicum
795 399 828 433 iu
863 398 1069 445 praesentia
1102 395 1274 438 dedecus,
1307 401 1403 441 post-

134 450 243 484 modo
276 449 491 496 periculum‚
527 448 555 482 si
593 449 737 482 animus
778 445 870 480 hosti
915 445 1080 488 redisset,
1115 455 1245 488 cogere
1287 443 1403 488 potuit

134 497 289 541 gradum
323 495 531 530 accelerare
565 502 638 540 aut,
674 495 702 528 si
741 494 839 528 aliud
880 492 980 536 nihil,
1016 491 1165 526 iustare³
1198 491 1401 525 instructoe.

134 543 275 589 Injussu
295 543 399 588 signa
419 542 587 587 referunt,
608 541 811 586 maestique
826 540 1012 585 (crederes
1030 538 1172 583 victos),
1188 544 1404 572 execrantes

134 601 233 625 nunc
251 590 505 636 imperatorem
526 600 621 624 nunc
649 595 818 623 navatam
845 587 892 621 ab
918 588 1040 632 equite
1068 597 1227 630 operam,
1249 585 1404 618 redeunt

136 638 173 672 in
191 645 322 672 castra.
373 637 453 671 Nec
479 637 565 671 huic
591 643 664 670 tam
692 635 877 681 pestilenti
898 634 1067 678 exemplo
1088 632 1246 666 remedia
1265 631 1338 665 ulla
1356 629 1404 665 ab

135 685 354 730 imperatore
379 685 546 729 quaesita
571 690 675 718 sunt:
705 682 798 716 adeo
824 681 1092 715 excellentibus
1119 680 1273 723 ingeniis
1298 679 1406 712 citius

135 731 293 766 defuerit
317 743 386 774 ars,
412 742 485 776 qua
511 731 629 764 civem
658 737 793 774 regant,
818 740 928 773 quam
956 739 1026 772 qua
1053 727 1194 760 hostem
1223 731 1403 771 saperent.

136 778 269 813 Consul
288 778 445 812 Romam
466 777 568 812 rediit
587 789 655 811 uon
676 784 749 811 tam
771 776 854 810 belli
873 775 987 820 gloria
1004 782 1121 817 aucta,
1137 785 1246 818 quam
1268 773 1404 807 irritato

136 825 427 870 exacerbatoque
447 825 482 858 in
500 835 540 858 se
563 825 720 858 militum
747 823 840 856 odio.
891 822 1088 856 Obtiuuere
1116 828 1238 855 tamen
1267 820 1404 864 Patres,

135 878 175 907 ut
194 872 227 906 in
247 871 361 907 Fabia
377 879 487 916 gente
505 871 715 905 consulatus
733 877 910 904 maneret.
961 869 1015 903 M.
1036 868 1190 903 Fabium
1216 867 1406 902 consulem

136 926 283 963 creant;
312 918 424 953 Fabio
441 918 582 963 collega
601 919 666 953 Cn.
686 918 848 953 Manlius
865 918 982 951 datur.

184 970 241 1001 44.
270 967 315 1001 Et
335 965 393 1000 hic
411 977 529 1000 annus
547 965 730 1001 tribunum
750 972 935 999 auctorem
962 964 1052 1007 legis
1077 963 1239 1007 agrariae
1265 961 1405 996 habuit.

137 1013 194 1048 Ti.
229 1013 439 1048 Pontificius
473 1013 552 1048 suit.
620 1013 656 1047 Is
688 1012 844 1047 eandem
880 1012 988 1054 viam,
1026 1010 1123 1044 velut
1158 1010 1409 1056 processisset⁴

137 1060 196 1107 Sp.
232 1061 380 1102 Licinio,
416 1061 600 1105 ingressus
632 1060 817 1094 delectum
853 1059 1037 1104 paulisper
1076 1058 1253 1103 impediit.
1321 1056 1407 1090 Pet·-

138 1108 290 1143 tui·batis
315 1108 446 1142 iterum
473 1108 652 1153 Patribus,
684 1109 778 1152 App.
809 1106 984 1140 Claudius
1012 1105 1146 1139 victam
1174 1103 1407 1138 tribuniciam

138 1161 360 1201 potestatem
384 1155 507 1189 dicere
533 1156 650 1200 priore
677 1165 782 1197 anno,
812 1153 846 1187 in
872 1153 1079 1198 praesentia
1106 1164 1152 1196 re,
1173 1151 1344 1196 exemplo
1371 1152 1408 1186 in

138 1208 367 1248 perpetuum,
393 1201 538 1247 quando
568 1203 754 1236 inventum
782 1200 827 1234 sit
854 1201 930 1233 suis
956 1200 1071 1244 ipsam
1092 1199 1226 1233 viribus
1243 1198 1406 1233 dissolvi.

139 1251 270 1295 Neque
288 1249 386 1284 enim
404 1260 563 1294 unquam
590 1248 813 1292 defuturum,
833 1248 894 1292 qui
921 1254 956 1280 et
983 1258 1027 1281 ex
1054 1246 1196 1291 collega
1221 1246 1409 1280 victoriam

140 1296 208 1332 sibi
227 1303 264 1331 et
281 1297 435 1342 gratiam
454 1296 615 1330 melioris
633 1296 743 1341 partis
770 1294 862 1329 bono
889 1293 1034 1339 publico
1061 1293 1146 1328 velit
1173 1293 1409 1339 quaesitam!

142 1344 186 1380 Et
216 1344 349 1390 plures,
381 1344 411 1378 si
445 1343 606 1389 pluribus
633 1354 724 1389 opus
752 1343 808 1386 sit,
839 1341 1001 1376 tribunos
1033 1340 1078 1375 ad
1112 1341 1289 1376 auxilium
1323 1351 1407 1375 con-

141 1391 261 1426 sulum
280 1398 424 1438 paratos
449 1391 534 1435 sore,
554 1397 590 1424 et
616 1401 730 1425 unum
759 1389 818 1424 vel
844 1388 1020 1423 adversus
1044 1400 1173 1423 omnes
1199 1389 1288 1423 satis
1312 1399 1407 1422 esse.

141 1439 275 1474 Dar-ent
309 1438 416 1474 modo
451 1445 485 1473 et
519 1437 685 1472 consules
719 1443 755 1472 et
789 1436 964 1482 primores
997 1436 1145 1471 Patrum
1179 1447 1329 1481 operam
1355 1442 1406 1481 ut,

141 1486 171 1521 si
198 1486 319 1521 minus
346 1485 501 1531 omneS‚⁶
525 1485 664 1531 aliquos
689 1490 813 1519 tamen
840 1495 887 1518 ex
911 1483 1066 1518 tribunis
1093 1483 1143 1517 rei
1170 1482 1339 1529 publicae
1364 1493 1409 1517 ac

141 1534 283 1569 senatui
316 1533 563 1568 conciliarent.
630 1531 842 1577 Praeceptis
882 1531 993 1576 Appii
1034 1530 1163 1565 moniti
1203 1530 1330 1564 Patres
1370 1536 1409 1565 et

183 1659 191 1676 ¹
207 1656 248 1689 In
260 1669 294 1689 se
309 1657 348 1693 is,
368 1656 497 1696 strictly
513 1655 686 1695 speaking,
705 1654 877 1689 incorrect,
897 1652 960 1684 and
977 1651 1095 1683 should
1110 1651 1193 1683 have
1210 1652 1294 1682 been
1311 1652 1346 1682 in
1360 1663 1405 1689 eo,

143 1699 176 1729 in
192 1699 260 1734 illo,
279 1708 315 1728 or
331 1699 365 1728 in
383 1698 460 1737 ipso.
505 1695 570 1727 But
595 1706 650 1726 see
676 1694 809 1733 Zumpt,
836 1693 854 1726 §
878 1696 948 1728 550,
971 1705 1068 1734 prope
1081 1693 1145 1732 fin.
1191 1691 1266 1724 The
1290 1701 1409 1723 reason

144 1738 183 1773 is.
199 1738 279 1810 §hbalt
299 1739 450 1779 prodebat
478 1736 608 1775 implies
635 1735 701 1766 this
728 1743 838 1770 sense,
865 1739 1023 1773 qnantum
1045 1734 1080 1764 in
1102 1744 1137 1764 se
1159 1738 1252 1769 esset,
1273 1733 1410 1773 prodere

143 1784 197 1810 stu
223 1790 238 1809 e
277 1784 299 1808 t.

183 1819 195 1837 ²
211 1822 219 1835 ‘
232 1817 407 1858 Although
423 1824 477 1848 not
490 1817 511 1848 :’
531 1823 558 1848 et
572 1815 676 1856 might
693 1815 776 1846 have
792 1815 879 1845 been
893 1812 1045 1850 omitted,
1063 1814 1122 1845 but
1139 1813 1162 1844 it
1179 1813 1259 1845 does
1274 1819 1330 1844 not
1350 1823 1407 1844 en·

143 1859 281 1896 cumbet
296 1858 351 1889 the
368 1858 603 1889 construction.

184 1901 196 1918 ²³
209 1899 244 1931 If
255 1898 310 1930 the
329 1898 459 1930 Roman
475 1897 614 1929 soldiers
629 1895 693 1927 had
710 1894 877 1927 remained
894 1894 1011 1934 steady
1028 1894 1058 1925 in
1076 1893 1162 1925 their
1184 1893 1274 1931 close
1297 1903 1404 1932 art-ay.

144 1939 201 1970 the
224 1949 344 1978 enemy
363 1938 474 1970 would
497 1938 580 1969 have
608 1939 692 1968 been
719 1934 925 1975 srightened;
958 1934 1019 1966 and
1049 1935 1126 1966 thus
1154 1934 1310 1973 standing
1339 1933 1410 1966 still

145 1979 255 2011 would
272 1979 355 2010 huve
373 1980 456 2010 been
473 1989 508 2009 as
524 1977 609 2018 good
626 1988 661 2008 as
675 1986 715 2007 an
731 1975 854 2007 attack.
899 1975 983 2006 This
1001 1975 1027 2006 is
1051 1975 1106 2006 the
1121 1974 1207 2005 force
1221 1974 1258 2005 of
1270 1975 1406 2010 instare,

149 2023 203 2050 ‘to
223 2029 315 2058 press
337 2019 402 2050 on.‘
449 2018 524 2049 The
548 2017 729 2049 correction
751 2015 789 2046 of
807 2015 972 2051 Muretus,
991 2022 1089 2052 stare,
1109 2015 1136 2046 is
1160 2014 1322 2045 therefore
1345 2023 1406 2044 un·

145 2069 334 2130 anessary.
378 2059 430 2090 As
453 2065 486 2090 to
508 2060 648 2090 crederes
672 2057 704 2088 in
727 2056 782 2087 the
799 2063 876 2087 next
893 2063 1062 2093 sentence,
1079 2064 1231 2094 compare
1255 2054 1287 2085 ii.
1305 2056 1355 2090 35,
1375 2063 1407 2093 p.

148 2102 162 2130 1
187 2102 206 2130 2
237 2107 313 2130 note
329 2101 358 2130 6.

187 2141 198 2159 ⁴
210 2123 333 2179 ’Aliqua
350 2150 399 2170 res
411 2139 561 2179 procedit,
584 2141 591 2154 ‘
604 2148 644 2168 an
661 2136 753 2168 affair
768 2137 795 2169 is
817 2137 918 2177 going
939 2136 1078 2168 forward
1102 2132 1361 2174 prosperously,'
1379 2133 1409 2165 is

146 2189 320 2216 commem
339 2179 394 2210 the
408 2180 486 2210 verb
503 2178 585 2210 used
598 2177 796 2217 absolutely,
811 2188 848 2209 as
860 2177 951 2214 here,
965 2178 1119 2218 procedit,
1142 2182 1148 2192 ¹
1162 2176 1185 2206 it
1202 2173 1364 2214 prospers'
1377 2183 1411 2200 =

145 2221 316 2259 contingit,
334 2220 363 2250 is
379 2226 434 2250 not
451 2219 541 2258 quite
557 2228 638 2249 rare.

187 2260 199 2278 ⁶
211 2259 412 2298 Equivalent
428 2266 462 2290 to
478 2260 552 2290 velit
568 2259 630 2290 sibi
645 2268 804 2297 quaerere.
849 2257 913 2289 See
930 2257 1039 2289 Grom.
1058 2256 1075 2289 ὑ
1092 2258 1163 2292 380,
1181 2261 1258 2287 note
1272 2256 1303 2287 2.

186 2300 199 2318 ⁰
212 2297 410 2338 Equivalent
426 2306 460 2331 to
475 2300 506 2331 si
519 2310 583 2330 non
599 2309 715 2330 omnes.
760 2297 824 2330 See
842 2298 974 2338 Zumpt,
993 2297 1011 2331 ὑ
1027 2299 1098 2333 343,
1110 2297 1174 2336 fin.
