1507 2492
646 84 774 113 namt
793 82 820 109 1.
1311 62 1363 99 81

101 170 247 209 Tulliae
263 166 362 214 regis
386 164 485 202 filiae
510 167 718 209 nupserant,
737 164 774 193 et
800 156 915 203 ipsae¹
940 153 1046 197 longe
1072 150 1240 196 dispares
1262 146 1369 183 mori·

101 219 185 258 bus.
237 216 344 253 Forte
377 214 428 249 ita
462 210 651 253 inciderat,
686 219 732 242 ne
765 205 839 240 duo
873 202 1033 238 violenta
1067 197 1213 243 ingenia
1251 194 1371 229 matri·

103 266 227 304 monio
270 263 518 311 jungerentur,
562 257 715 299 fortuna,
758 252 879 296 credo,
923 248 1044 295 populi
1093 244 1257 285 Romani,
1300 252 1373 287 quo

104 311 315 350 diuturnius
341 308 456 345 Servii
489 316 638 350 regnum
670 308 766 337 esset
796 296 1042 342 constituique
1066 291 1228 329 civitatis
1254 300 1377 324 mores

105 366 268 410 possent.
334 355 548 401 Augebatur
582 351 683 386 ferox
723 347 846 383 Tullia
888 343 977 380 nihil
1020 341 1196 378 materiae
1231 338 1264 372 in
1299 335 1376 370 viro

106 418 230 455 neque
255 405 303 441 ad
327 403 567 449 cupiditatem
597 409 715 444 neque
741 395 784 430 ad
813 394 1006 428 audaciam
1033 399 1138 432 esse;
1165 392 1239 420 tota
1267 384 1300 418 in
1327 382 1378 417 al-

108 463 228 493 terum
248 463 353 489 versa
377 449 621 496 Tarquinium
647 457 734 480 eum
762 442 893 483 mirari,
913 450 1000 474 eum
1027 435 1160 471 virum*
1185 433 1310 467 dicere
1336 441 1380 464 ac

110 503 211 550 regio
236 500 414 546 sanguine
440 504 580 538 ortum3
608 502 780 540 spernere
809 500 979 530 sororem,
1005 483 1098 531 quod
1128 482 1247 516 virum
1275 485 1382 513 nacta

110 549 282 589 muliebri
315 552 476 582 cessaret
509 541 694 588 audacia.³
759 535 944 572 Contrahit
979 531 1149 568 celeriter
1182 524 1383 562 similitudo

112 610 188 644 eos,
216 603 255 633 ut
281 595 357 630 sere
384 593 423 629 fit
449 591 587 627 malum
616 588 713 624 malo
740 584 972 631 aptissimum
990 583 1012 614 :⁴
1047 577 1111 614 sed
1140 576 1284 611 initium
1311 580 1384 607 tur·

114 645 227 683 bandi
255 642 379 678 omnia
407 653 428 675 a
458 639 597 675 semina
625 643 744 670 ortum
780 640 848 667 est⁴
903 630 955 665 Ea
989 626 1142 662 secretis
1171 624 1236 657 viri
1271 619 1385 655 alieni

115 691 325 730 assuefacta
352 687 592 730 sermonibus,
622 683 730 718 nullis
759 680 950 714 verborum
980 671 1213 710 contumeliis
1235 678 1387 716 parcere

117 741 165 777 de
183 741 260 775 viro
277 737 324 773 ad
344 737 503 779 fratrem,
523 733 569 768 de
596 742 714 766 sorore
733 728 778 763 ad
800 728 916 761 virum
934 736 941 758 z
968 732 1004 757 et
1024 733 1063 756 se
1084 720 1218 754 rectius
1235 716 1389 751 viduam

118 795 155 825 et
188 787 292 823 illum
326 783 509 820 coelibem
544 779 706 815 futurum
742 776 855 810 fuisse
888 769 1121 811 contendere,
1156 775 1269 812 quam
1302 773 1391 798 cum

119 834 253 883 impari
281 832 393 880 jungi,
423 836 461 865 ut
494 824 832 872 elanguescendum
866 820 987 854 aliena
1018 815 1164 862 ignavia
1193 818 1302 847 esset.
1353 809 1390 844 Si

120 883 192 920 sibi
210 893 309 926 eum,
327 890 400 926 quo
418 877 528 922 digna
546 882 655 918 esset,
670 872 719 906 dii
737 870 925 904 dedissent
946 866 1073 907 virum⁷
1089 862 1187 897 domi
1207 871 1245 894 se
1264 868 1392 904 prope·

121 931 221 967 diem
236 929 398 963 visuram
418 934 570 970 regnum
591 921 714 959 fuisse,
730 917 823 964 quod
839 913 936 961 apud
957 921 1096 959 patrem
1113 909 1247 942 videat.
1290 904 1394 940 Cele-

123 978 209 1014 riter
225 975 500 1012 adolescentem
521 980 609 1005 suae
628 965 845 1002 temeritatis
864 961 1006 1007 implet.
1059 958 1098 993 L.
1117 953 1340 1001 Tarquinips
1358 957 1395 986 et

123 1024 245 1061 Tullia
263 1022 380 1059 minor
398 1030 508 1066 prope
532 1015 753 1052 continuatis
778 1009 978 1046 funeribus⁵
1003 1018 1088 1041 cum
1115 1005 1244 1038 domos
1261 1010 1398 1034 vacuas

124 1083 219 1109 novo
236 1067 468 1107 matrimonio
491 1065 676 1106 fecissent,
695 1062 892 1107 junguntur
910 1055 1056 1102 nuptiis,
1077 1051 1196 1096 magis
1221 1060 1291 1083 non
1317 1057 1397 1093 pro-

126 1119 279 1157 hibente
297 1115 421 1152 Servio
439 1123 553 1158 quam
570 1110 809 1156 approbante.

176 1170 237 1202 47.
263 1165 359 1200 Tum
389 1171 474 1195 vero
505 1160 539 1193 in
567 1158 648 1192 dies
676 1152 850 1190 infestioi⁵
878 1149 988 1185 Tullii
1018 1151 1200 1185 senectus,
1230 1140 1402 1177 infestius

129 1213 249 1260 coepit
267 1220 422 1256 regnum
447 1217 542 1242 esse.
593 1205 677 1239 Jam
705 1202 805 1236 enim
823 1199 870 1234 ab
889 1197 1028 1232 scelere
1047 1193 1091 1227 ad
1111 1190 1210 1226 aliud
1231 1195 1400 1236 spectare

131 1261 264 1298 mulier
290 1257 430 1296 scelus;
463 1263 533 1288 nec
560 1260 667 1287 nocte
700 1260 770 1283 nec
804 1245 959 1282 interdiu
991 1243 1105 1277 virum
1141 1240 1402 1284 conquiescere

132 1308 222 1357 pati,
257 1317 304 1342 ne
338 1301 512 1350 gratui1a⁷
545 1298 742 1346 praeterita
781 1292 977 1341 parricidia
1019 1294 1152 1324 essent.
1219 1286 1300 1321 Non
1335 1281 1405 1317 sibi

133 1355 299 1392 defuisse
325 1351 385 1387 oui
412 1354 527 1395 nupta
551 1347 747 1388 dic-eretur,
776 1354 844 1377 nec
871 1351 956 1376 cum
984 1348 1056 1384 quo
1082 1334 1195 1370 tacita
1229 1331 1403 1367 serviret:

135 1403 298 1440 defuisse
326 1398 388 1446 qui
422 1408 461 1432 se
496 1405 606 1440 regno
635 1392 786 1437 dignum
822 1393 977 1435 putaret.
1005 1384 1067 1431 qui
1100 1380 1335 1417 meminisset
1364 1387 1406 1411 se

136 1462 219 1486 esse
253 1447 366 1485 Prisci
393 1442 581 1488 Tarquinii
608 1440 735 1483 filium,
764 1437 825 1483 qui
852 1436 989 1471 habere
1016 1442 1127 1478 quarn
1155 1438 1302 1475 sperare
1329 1435 1407 1470 reg·

136 1509 226 1534 num
252 1494 392 1531 mallet.
445 1491 501 1526 ‘Si
529 1496 567 1523 tu
595 1488 626 1523 is
652 1498 702 1530 es,
731 1486 788 1520 cui
815 1490 967 1529 nuptam
995 1490 1078 1514 esse
1105 1488 1164 1512 me
1190 1475 1352 1518 arbitror',
1371 1476 1408 1506 et

138 1545 258 1581 virum
286 1548 322 1577 et
346 1550 471 1586 regem
496 1535 661 1583 appello:
697 1533 750 1568 sin
777 1532 912 1575 minus,
942 1539 985 1562 eo
1012 1537 1108 1561 nunc
1134 1523 1240 1570 pejus
1266 1525 1410 1556 mutata

140 1603 200 1628 res
217 1597 283 1636 est,
302 1588 399 1636 quod
419 1585 514 1621 istic⁸
530 1594 616 1619 cum
635 1580 782 1627 ignavia
799 1585 853 1613 est
873 1575 1006 1611 scelus.
1057 1572 1151 1611 Quin
1177 1565 1411 1613 accingeris‘t

141 1635 1411 1668 “s——

184 1700 195 1719 ¹
211 1702 219 1716 ‘
233 1696 402 1730 Likewise
414 1694 436 1732 ;'
463 1693 512 1724 for
528 1698 555 1723 et
574 1692 642 1731 ipse
658 1689 685 1720 is
701 1686 783 1719 used
800 1685 898 1716 when
915 1691 983 1714 two
999 1689 1136 1721 persons
1159 1678 1244 1710 have
1260 1686 1322 1707 one
1338 1684 1410 1715 pre-

142 1740 264 1812 dictam,
278 1737 434 1809 twhereas
451 1735 543 1769 idem,
559 1733 701 1770 idemque
716 1729 743 1760 is
759 1724 936 1766 employed
951 1723 1049 1754 when
1061 1731 1123 1752 one
1134 1727 1255 1759 person
1270 1716 1330 1748 has
1346 1723 1415 1746 two

142 1791 200 1840 pr?
210 1788 358 1853 'll'tltlaaizis⁷
377 1827 450 1848 vere
465 1815 570 1846 virum
585 1823 622 1843 αι·
637 1821 709 1842 vere
726 1809 824 1847 regio,
846 1806 912 1837 διε.

185 1861 199 1880 ³
214 1864 222 1878 ⁸
237 1853 312 1892 Had
328 1864 384 1889 not
407 1856 464 1887 the
489 1853 646 1886 boldness
664 1849 773 1881 which
790 1849 926 1878 became
944 1845 994 1877 his
1011 1841 1113 1878 wise‚'
1133 1851 1170 1872 so
1185 1838 1255 1880 that
1273 1837 1329 1868 the
1344 1847 1414 1868 mu-

146 1902 255 1947 liebris
269 1897 579 1972 “dugaci‘liissxil'ltiee
600 1886 927 1964 quralictghaltsributed
952 1894 985 1917 to
1001 1892 1133 1915 women
1155 1878 1338 1935 generally,
1358 1878 1417 1908 but

146 1951 289 2052 ηιέιξῃῗιε
305 1949 475 2024 ςεζιει-εηχ
491 1985 553 2022 one
569 1943 633 2005 egil
652 1972 706 2019 lits
729 1940 819 2017 closye
844 1969 877 2000 in
897 1974 932 1999 to
954 1963 1127 2001 another;'
1145 1958 1416 2003 aptissimumfit,

149 2017 909 2094 91113ῖὲξέῗιξῐῗεῗζῖξῗέἴέῖἑῖἰᾞάηζξηιιιιιινιῖἀετε)
926 2057 1014 2078 were
1031 2045 1121 2077 close
1138 2050 1172 2074 to
1187 2041 1270 2073 each
1289 2038 1386 2070 other
1397 2038 1420 2069 ε·

151 2104 210 2136 the
225 2112 287 2134 one
303 2097 460 2146 followed
477 2096 532 2142 [he
549 2094 645 2126 other
661 2092 781 2124 almost
799 2090 939 2120 without
957 2097 1020 2126 any
1035 2082 1175 2117 interval
1190 2081 1227 2113 of
1245 2080 1338 2112 time.

193 2145 207 2164 ⁶
221 2147 230 2160 ⁴
243 2138 445 2178 Passwely,¹
469 2142 476 2154 ⁸
490 2133 667 2168 insecure.'
691 2136 698 2149 ‘
711 2142 753 2163 an
768 2131 878 2170 object
895 2129 933 2160 of
950 2124 1124 2164 hostility.⁷

194 2186 207 2205 ⁴¹
223 2180 409 2217 ‘useless'
438 2181 446 2195 ‘
461 2173 657 2209 committed
678 2179 713 2203 to
735 2181 778 2203 no
800 2169 988 2210 purpose.⁷·
1013 2167 1059 2198 So
1081 2165 1125 2197 iti.
1143 2165 1194 2199 37,
1211 2173 1253 2193 πε
1271 2159 1425 2202 gratuita

154 2224 330 2257 erudelitas
347 2225 440 2252 esset.

198 2264 212 2283 ⁸
227 2262 288 2294 ‘In
303 2261 406 2293 thee.’
452 2258 504 2290 As
528 2265 562 2287 to
585 2256 658 2290 iste,
676 2251 760 2283 with
783 2251 826 2282 its
849 2248 1062 2283 derivatives,
1082 2244 1138 2275 the
1162 2238 1426 2273 demonstrative

157 2312 309 2345 pronoun
322 2300 361 2334 of
377 2299 434 2332 the
449 2295 573 2332 second
587 2303 720 2336 person,
739 2302 797 2324 see
817 2290 928 2323 Gram.
945 2289 964 2324 ὑ
982 2290 1052 2325 115,
1071 2283 1136 2317 and
1152 2282 1289 2322 Zumpt,
1307 2279 1326 2315 ὓ
1341 2280 1412 2313 701.

707 2353 729 2377 1?
