1539 2508
173 84 250 119 124
723 94 898 119 T.1.1v11.

169 168 328 216 primam
369 168 594 203 curationem
636 167 819 213 expirarit.
876 168 973 202 Tum
1014 167 1059 202 ad
1103 167 1246 213 equites
1285 167 1438 204 dictator

170 215 327 261 advolat,
347 216 542 260 obtestans,
571 220 609 249 ut
636 214 731 249 fesso
757 226 832 260 Jam
859 215 983 260 pedite
1010 215 1237 250 descendant
1262 226 1308 250 ex
1334 216 1438 268 equis

169 269 207 298 et
240 275 399 315 pugnam
435 268 639 330 capessant
697 263 795 296 Dicto
829 274 1003 307 paruere:
1038 262 1211 297 desiliunt
1244 274 1291 297 ex
1318 274 1434 309 equis,

168 311 353 357 provolant
381 322 415 344 in
442 310 627 354 piiinum‚¹
654 315 688 343 et
716 321 778 354 pio
807 310 1053 354 antesignanis
1079 321 1224 355 parmas
1248 309 1435 355 objiciunt.

170 358 315 403 Recipit
349 357 534 402 extemplo
560 357 725 390 animum
753 339 946 402 pedestris,³
957 357 1066 402 acies,
1095 363 1287 402 postquam
1311 369 1436 403 Juven-

169 405 256 439 tutis
276 415 465 449 proceres
457 411 652 449 aequatos
644 415 765 437 enere
793 415 935 449 pugnae
962 415 1088 438 secum
1115 411 1255 448 partem
1281 404 1435 450 periculi

169 453 390 486 sustinentes
415 450 517 485 vidit.
568 431 663 485 Tuin
687 450 838 484 demum
866 451 1011 496 impulsi
1039 451 1166 496 Latini,
1193 452 1435 504 perculsaque

168 499 354 533 inclinavit
387 499 500 532 acies.
554 498 674 543 Equiti
708 497 846 532 admoti
881 499 978 543 equi,
1014 504 1051 532 ut
1086 499 1255 544 persequi
1290 498 1434 534 hostem

168 552 302 591 posset.
354 545 487 580 Secuta
505 552 541 579 et
559 546 738 591 pedestris
756 545 866 579 acies.
920 545 972 579 Ibi
1000 544 1088 579 nihil
1106 557 1174 579 nec
1193 546 1339 580 divinae
1366 557 1434 580 nec

168 592 352 627 humanae
379 593 456 638 opis
482 592 633 627 dictator
652 592 948 638 praetermittens
972 592 1105 626 aedem
1132 592 1269 627 Castori
1290 593 1434 627 vovisse

175 639 299 685 fertur,
318 651 361 674 ac
380 640 629 686 pronuntiasse
648 639 755 673 militi
775 639 948 685 praemia,
968 640 1029 684 qui
1055 639 1203 685 primus,
1223 641 1284 685 qui
1303 651 1433 674 secun-

166 687 236 722 dus
254 694 371 722 castra
390 687 549 722 hostium
568 688 750 722 intrasset.
802 687 1014 732 Tantusque
1032 686 1137 721 ardor
1150 686 1230 732 fuit,
1244 693 1283 721 ut
1301 686 1432 722 eodem

167 735 317 780 impetu,
337 746 407 780 quo
434 734 603 769 fuderant
631 734 786 779 hostem,
806 734 956 768 Romani
984 740 1102 768 castra
1120 740 1304 780 caperent.
1356 734 1433 769 Hoc

166 781 275 816 modo
291 782 339 816 ad
357 782 477 816 lacum
498 782 679 826 Regillum
700 787 901 827 pugnatum
930 788 1006 816 est:
1034 781 1188 816 dictator
1205 788 1241 817 et
1261 782 1434 828 magister

166 830 330 875 equitum
351 829 620 875 triumphantes
638 829 671 862 in
691 828 819 863 urbem
839 828 990 863 rediere.

216 879 270 910 21.
299 877 470 910 Triennio
487 876 622 910 deinde
650 887 718 910 nec
744 882 843 909 certa
868 887 939 920 pax
965 886 1034 910 nec
1051 875 1189 910 bellum
1209 875 1289 910 fuit.
1340 875 1431 910 Con-

166 923 265 957 sules
292 923 334 962 Q.
366 923 523 958 Cloelius
551 929 587 957 et
614 923 656 956 T.
688 923 839 966 Lartius,
868 923 951 957 inde
981 924 1024 957 A.
1049 922 1284 968 Sempronius
1310 929 1346 956 et
1375 923 1429 958 M.

166 970 365 1005 Minucius.
432 971 498 1004 His
531 970 739 1004 consulibus
772 970 885 1004 aedes
918 970 1070 1004 Saturno
1103 969 1283 1015 dedicata,
1310 969 1430 1004 Satur-

165 1018 264 1052 nalia
283 1018 467 1052 institutus
493 1017 610 1052 festus
634 1017 727 1051 dies.
778 1019 822 1051 A.
842 1016 975 1051 deinde
1002 1017 1209 1051 Postumius
1226 1024 1262 1051 et
1280 1017 1322 1051 T.
1342 1017 1430 1051 Ver-

164 1064 286 1109 ginius
303 1065 471 1100 consules
490 1064 589 1098 facti.
642 1065 718 1098 Hoc
743 1065 895 1099 demum
921 1075 1016 1098 anno
1033 1064 1078 1098 ad
1099 1063 1280 1108 Regillum
1307 1063 1431 1099 lacum

164 1118 367 1157 pugnatum
409 1112 505 1157 apud
549 1111 726 1157 quosdam
768 1111 914 1145 invenio
929 1112 952 1155 3²
991 1113 1036 1145 A.
1071 1111 1310 1157 Postumium,
1344 1112 1431 1156 quia

164 1159 305 1204 collega
339 1159 472 1194 dubiae
506 1158 594 1193 fidei
628 1158 745 1203 suerit,
774 1170 813 1192 se
846 1157 1035 1192 consulatu
1064 1158 1281 1203 abdicasse5
1314 1157 1430 1193 dicta·

165 1212 281 1241 torem
316 1206 400 1241 inde
434 1206 585 1240 sactum.
652 1205 761 1239 Tanti
795 1216 933 1239 errores
973 1205 1180 1251 implicant³
1210 1212 1428 1252 temporum,

163 1253 268 1288 aliter
285 1253 382 1299 apud
400 1253 492 1287 alios
516 1253 689 1287 ordinatis
716 1253 997 1298 magistratibus,
1018 1258 1057 1287 ut
1082 1264 1152 1287 nec
1169 1252 1230 1298 qui
1248 1253 1428 1300 consules,

165 1302 370 1336 secundum
404 1300 609 1346 quosdam,⁴
643 1311 712 1334 nec
745 1300 833 1345 quid
863 1311 1006 1346 quoque
1034 1311 1128 1334 anno
1154 1306 1280 1335 actum
1307 1301 1364 1346 sit,
1392 1301 1428 1335 in

164 1354 266 1382 tanta
293 1354 474 1382 vetustate
500 1359 572 1381 non
598 1359 718 1382 rerum
744 1347 852 1382 modo
879 1347 943 1382 sed
968 1347 1083 1382 etiam
1115 1353 1302 1382 auctorum
1328 1347 1429 1394 dige-

165 1406 243 1429 rere
262 1395 388 1441 possis.

212 1445 306 1495 App.
335 1442 511 1480 Claudius
535 1441 670 1476 deinde
700 1448 735 1476 et
761 1442 800 1476 P
828 1441 1003 1476 Servilius
1028 1441 1197 1476 consules
1222 1441 1320 1476 facti.
1371 1442 1429 1477 In-

164 1490 278 1535 signis
312 1490 372 1524 hic
405 1500 523 1524 annus
564 1495 619 1524 est
662 1490 786 1524 nuntio
825 1489 1014 1535 Tarquinii
1057 1489 1193 1524 mortis.
1259 1489 1428 1524 Mortuus

163 1537 300 1582 Cumis,
320 1548 391 1582 quo
417 1548 456 1571 se
483 1542 563 1582 post
587 1536 721 1571 fractas
746 1548 836 1582 opes
862 1537 1071 1571 Latinorum
1089 1535 1136 1571 ad
1153 1536 1428 1572 Aristodemum

164 1590 361 1630 tyrannum
379 1585 592 1619 contulerat.
645 1585 698 1619 Eo
717 1585 840 1619 nuntio
859 1584 969 1619 erecti
989 1584 1125 1628 Patres,
1146 1589 1270 1618 erecta
1286 1583 1428 1630 plebes.

163 1631 233 1667 Sed
261 1632 428 1667 Patribus
453 1632 564 1666 nimis
588 1631 785 1666 luxuriosa⁵
810 1643 854 1666 ea
879 1631 947 1666 fuit
973 1630 1133 1677 laetitia5
1158 1631 1270 1678 plebi,
1289 1631 1350 1666 cui
1375 1631 1424 1666 ad

205 1743 215 1760 ¹
229 1741 295 1772 We
318 1741 426 1781 rarely
442 1741 510 1773 find
533 1741 589 1772 the
612 1750 729 1772 neuter
745 1741 822 1772 thus
846 1747 903 1780 put
925 1740 975 1771 for
996 1740 1053 1771 the
1075 1740 1257 1779 ordinary'
1243 1752 1279 1771 m
1279 1741 1428 1785 primam

163 1783 270 1826 aciem,
290 1783 325 1812 in
341 1784 477 1822 primum
493 1783 603 1818 locum,
626 1785 678 1812 ‘to
701 1781 757 1812 the
779 1781 875 1812 front.
881 1781 888 1794 ¹
935 1780 1100 1819 Compare
1123 1780 1261 1811 another
1277 1780 1426 1812 instance

163 1821 196 1852 in
219 1821 251 1852 ii.
269 1824 319 1852 46.
365 1823 591 1862 Antea-ignaui
607 1832 694 1852 were
717 1821 773 1852 the
797 1831 874 1852 men
896 1821 930 1851 in
952 1820 1008 1850 the
1031 1819 1101 1850 first
1126 1820 1190 1850 line
1213 1819 1251 1850 os
1268 1820 1423 1860 infantry,

163 1862 305 1892 because
322 1862 377 1892 the
392 1862 564 1893 standards
582 1863 703 1903 (signa)
719 1861 756 1892 of
767 1861 823 1892 the
837 1861 969 1892 cohorts
983 1859 1046 1891 and
1059 1859 1186 1900 legions
1200 1870 1287 1891 were
1300 1845 1426 1892 carried

163 1901 197 1932 in
212 1901 267 1932 the
284 1902 405 1932 second
422 1902 485 1933 and
502 1902 586 1933 third
605 1902 697 1933 lines.

203 1942 216 1960 ²
230 1941 308 1972 And
331 1942 492 1981 probably
515 1942 597 1972 with
620 1949 750 1982 greater
772 1947 989 1973 correctness.
1022 1939 1099 1971 -See
1123 1940 1240 1977 above
1259 1940 1353 1980 chap.
1372 1943 1422 1978 19,

214 1984 283 2017 122,
302 1989 412 2012 note
394 1985 412 2003 0

163 1992 194 2021 p.
204 2022 216 2040 ³
231 2021 389 2061 Namely,
409 2021 464 2052 the
482 2021 640 2053 historiari
657 2022 733 2053 who
749 2022 809 2053 has
832 2028 867 2053 to
883 2020 1032 2053 describe
1055 2020 1111 2052 the
1134 2026 1251 2051 events
1274 2020 1312 2052 of
1329 2020 1424 2053 these

162 2062 262 2093 times

203 2103 214 2120 ‘¹
229 2102 342 2133 That
334 2113 373 2138 is,
391 2101 564 2141 according
577 2109 610 2133 to
627 2112 731 2137 some,
748 2112 798 2132 we
812 2108 930 2133 cannot
941 2101 1016 2141 give
1027 2101 1082 2132 the
1095 2100 1286 2146 succession
1299 2100 1337 2132 of
1347 2111 1422 2132 con-

163 2141 234 2174 suls
258 2142 438 2181 correctly;
465 2142 639 2181 according
656 2150 690 2173 to
706 2126 830 2178 others,
850 2142 937 2173 and
929 2152 961 2172 in
977 2140 1122 2180 general,
1141 2141 1164 2172 it
1182 2141 1209 2172 is
1225 2140 1364 2172 difficult
1389 2148 1423 2172 to

163 2181 208 2214 fix
225 2182 280 2213 the
297 2192 513 2213 occurrences
523 2182 560 2213 of
571 2182 652 2213 each
662 2182 768 2222 single
782 2193 871 2221 year,
885 2182 1012 2221 though
1022 2181 1078 2213 the
1091 2188 1208 2212 events
1219 2180 1423 2212 themselves

163 2233 217 2282 8Γὲ
232 2222 400 2302 fsshtgciloy
416 2273 486 2294 was
508 2263 759 2302 extravagant:'
786 2263 830 2301 by
846 2263 1026 2299 luxuriosa,
1047 2260 1161 2304 what
1152 2271 1180 2293 ιε
1196 2260 1350 2301 properly
1365 2259 1422 2292 the

163 2312 392 2343 consequence
409 2303 436 2339 is
453 2302 547 2335 made
565 2302 619 2334 the
636 2302 802 2342 predicate
819 2301 856 2333 of
873 2302 953 2334 the
941 2312 1011 2343 Joy.
