1507 2492
642 67 770 93 mnan
800 69 841 94 11.
1324 60 1396 96 121

135 139 206 178 hae
229 144 411 175 tantarum
438 141 690 187 expectatione
720 153 839 177 rerum
865 142 1017 176 sollicita
1042 143 1188 178 civitate
1215 144 1401 180 dictatoris

135 189 294 235 primum
336 187 484 222 creandi
526 189 664 222 mentio
701 195 788 223 orta.
856 190 925 224 Sed
968 201 1036 224 nec
1077 202 1148 236 quo
1190 202 1294 237 ann0,
1331 204 1398 228 nec

135 235 269 281 quibus
300 233 533 280 consulibus,¹
568 236 654 281 quia
688 247 734 270 ex
768 236 924 271 factione
959 237 1156 282 Tarquinia
1189 245 1310 272 essent
1344 239 1397 285 (id

135 292 278 328 quoque
296 282 394 316 enim
415 281 590 328 traditur),
618 294 747 328 parum
766 284 945 318 creditum
965 285 1021 330 sit,
1042 296 1109 319 nec
1130 286 1211 330 quis
1238 286 1397 331 primum

135 328 286 364 dictator
317 334 460 364 creatus
485 330 541 375 sit,
570 331 659 364 satis
691 338 844 365 constat.
896 332 1001 378 Apud
1031 334 1243 367 veterrimos
1273 340 1396 368 tamen

134 383 303 410 auctores
327 376 370 410 T.
399 376 561 412 Lartium
595 378 807 412 dictatorem
839 379 1006 424 primum,
1037 379 1095 424 Sp.
1122 380 1288 414 Cassium
1319 392 1395 414 ma-

132 423 287 468 gistrum
321 424 485 469 equiturn
520 432 660 459 creatos
693 426 848 460 invenio.
901 426 1117 460 Consulares
1150 427 1271 472 legere
1285 428 1308 461 :²
1346 429 1395 462 ita

135 470 196 505 lex
226 469 378 516 jubebat
412 471 458 504 de
487 470 660 506 dictatore
690 473 848 508 creando
875 472 957 507 lata.
1012 474 1062 508 Eo
1092 475 1209 518 magis
1234 475 1395 509 adducor

133 523 173 552 ut
205 517 352 552 credam
387 518 561 563 Lartium,
596 519 659 563 qui
693 521 890 554 consularis
917 526 1003 565 erat,
1035 521 1152 566 potius
1186 533 1295 567 quam
1324 522 1392 556 Μ’.

133 564 320 600 Valerium
354 565 408 600 M.
442 565 557 600 filium
593 566 714 600 Volesi
755 576 937 612 nepotem,
972 569 1033 613 qui
1067 568 1227 603 nondum
1266 568 1390 603 consul

133 611 261 658 fuerat,
296 612 561 648 moderatorem
599 620 634 648 et
669 616 884 658 magistrum
920 616 1129 650 consulibus
1163 616 1390 661 appositum:

133 659 196 705 qui
214 659 245 693 si
263 660 422 695 maxime
441 671 486 695 ex
504 671 549 694 ea
566 660 708 695 familia
734 661 806 706 legi
831 662 1044 696 dictatorem
1071 662 1235 706 vellent,a
1252 669 1392 709 patrem

133 706 248 741 multo
274 707 392 752 potius
416 709 469 743 M.
492 707 689 754 Valerium,
718 715 904 754 spectatae
935 709 1076 744 virtutis
1101 717 1138 744 et
1163 710 1392 746 consularem

134 753 260 800 virum,
280 754 466 800 legissent.

180 801 307 837 Creato
349 802 522 837 dictatore
572 802 732 847 primum
783 803 930 848 Romae,
977 810 1169 849 postquam
1219 803 1392 850 praeferri

132 850 294 884 secures¹
322 848 497 894 viderunt,
521 860 676 894 magnus
702 849 850 895 plebem
877 857 996 885 metus
1023 851 1183 897 incessit,
1212 859 1250 885 ut
1278 852 1390 886 inten-

132 895 240 931 tiores
269 902 391 931 essent
418 896 464 931 ad
491 895 587 930 dicto
615 897 828 942 parendum.
880 898 1011 944 Neque
1046 899 1143 933 enim
1179 905 1216 933 ut
1246 899 1281 933 in
1309 911 1390 933 cou-

130 942 279 985 sulibus,
309 943 370 989 qui
402 944 478 990 pari
507 949 686 989 potestate
715 951 848 989 essent,
878 945 1028 979 alterius
1054 946 1239 991 auxilium,
1271 957 1390 992 neque

129 991 336 1036 provocatio
364 997 451 1036 erat,
482 1002 602 1036 neque
630 991 745 1026 ullum
774 1003 929 1037 usquam
960 993 1028 1027 nisi
1063 994 1097 1027 in
1127 1005 1212 1027 cura
1240 994 1389 1039 parendi

128 1037 314 1073 auxilium.
365 1038 506 1073 Sabinis
531 1038 644 1073 etiam
672 1045 816 1073 creatus
841 1040 979 1074 Romae
1006 1040 1170 1085 dictator,
1191 1051 1234 1074 eo
1260 1041 1387 1086 magis,

129 1084 224 1129 quod
275 1091 417 1132 propter
460 1096 500 1120 se
546 1092 711 1120 creatum
755 1086 996 1131 crediderant,
1039 1097 1179 1122 metum
1225 1088 1387 1122 incussit.

129 1132 254 1177 Itaque
275 1132 412 1177 legatos
436 1132 482 1166 de
508 1143 598 1177 pace
616 1133 786 1177 mittunt;
811 1133 944 1177 quibus
961 1134 1148 1168 orantibus
1173 1135 1388 1169 dictatorem

127 1186 379 1224 senatumque,
415 1185 454 1212 ut
488 1179 635 1213 veniam
675 1181 803 1213 erroris
846 1180 1053 1215 hominibus
1094 1181 1388 1216 adolescentibus

127 1225 264 1271 darent,
285 1236 495 1271 responsum
523 1225 660 1269 ignosci
685 1225 981 1262 adolescentibus
1006 1239 1122 1273 posse,
1145 1228 1292 1263 senibus
1317 1240 1385 1263 non

127 1283 242 1318 posse,
270 1273 332 1318 qui
362 1272 459 1307 bella
486 1284 532 1307 ex
560 1272 666 1307 bellis
699 1275 886 1308 sererent.⁵
935 1277 1073 1309 Actum
1102 1282 1226 1309 tamen
1255 1281 1310 1309 est
1339 1277 1386 1310 de

125 1331 238 1364 pace3
281 1321 545 1365 impetrataque
588 1319 690 1365 foret,
729 1320 768 1363 si,
804 1321 898 1366 quod
937 1322 1142 1368 impensae⁶
1175 1322 1314 1357 sactum
1349 1323 1386 1357 in

126 1366 263 1401 bellurn
294 1373 380 1413 erat,
408 1373 592 1413 praestare
621 1367 742 1402 Sabini
771 1368 824 1414 (id
850 1369 950 1403 enim
977 1370 1199 1415 postulatum
1227 1373 1320 1417 erat)
1350 1371 1385 1405 in

167 1465 340 1496 ¹Connect
372 1464 436 1495 this
467 1464 575 1495 dative
607 1465 687 1496 with
709 1467 863 1497 creditum
891 1468 946 1497 sit.
992 1467 1058 1498 For
1087 1467 1268 1507 Tarquinia
1292 1479 1384 1500 some

72 1512 77 1518 ‘
126 1504 211 1545 good
228 1505 446 1543 manuscripts
463 1504 546 1535 have
568 1504 804 1544 Tarquiniana.
850 1506 966 1537 Either
976 1518 1051 1546 may
1065 1507 1181 1544 stand;
1207 1508 1255 1539 for
1269 1518 1384 1553 proper

126 1555 238 1576 names
255 1545 364 1575 which
381 1545 462 1575 have
479 1555 519 1576 au
536 1544 695 1584 adjective
713 1545 795 1576 form
812 1557 888 1584 may
906 1548 944 1577 be
962 1548 1042 1578 used
1059 1547 1107 1578 sor
1123 1548 1178 1578 the
1202 1549 1384 1587 adjectives

125 1584 256 1616 derived
274 1584 356 1616 fron]
373 1585 474 1615 them.
521 1584 682 1623 Compare
700 1585 720 1616 i.
738 1587 789 1622 47,
809 1596 839 1624 p.
857 1589 905 1622 82,
924 1594 1000 1617 note
1016 1590 1044 1618 4.

164 1637 176 1654 ²
193 1636 387 1667 Consulares
404 1636 431 1666 is
449 1636 503 1667 the
520 1637 720 1672 accusative,
741 1647 776 1667 as
793 1648 929 1676 appears
944 1638 1029 1669 from
1046 1639 1162 1678 Livy’s
1179 1641 1382 1679 subsequent

126 1677 311 1716 reasouing.
358 1676 395 1707 In
420 1676 502 1707 later
525 1677 632 1712 times,
659 1677 713 1707 the
737 1677 831 1708 office
848 1678 885 1708 os
895 1680 1049 1718 magister
1065 1681 1205 1718 equitum
1222 1691 1289 1711 was
1306 1681 1382 1712 held

125 1717 256 1756 usually
273 1723 327 1748 not
351 1718 394 1755 by
411 1727 427 1747 a
451 1716 614 1752 consular,
634 1718 689 1747 but
708 1718 751 1756 by
767 1728 785 1748 a
801 1719 852 1748 vir
863 1720 1046 1758 praetorius
1070 1725 1098 1754 (a
1122 1731 1196 1750 man
1220 1721 1296 1751 who
1320 1720 1383 1752 had

125 1758 209 1788 been
226 1761 377 1795 praetor).
423 1757 533 1788 There
548 1757 574 1787 is
592 1767 632 1787 no
646 1757 805 1793 instance,
822 1758 988 1795 however,
1005 1759 1042 1790 of
1059 1770 1077 1790 a
1093 1761 1244 1798 person's
1261 1760 1383 1801 having

124 1799 209 1829 been
228 1798 344 1828 named
361 1797 500 1829 dictator
517 1797 590 1827 who
607 1797 669 1828 had
687 1806 739 1828 not
760 1798 843 1828 been
859 1799 984 1829 consul.

165 1845 176 1863 ³
190 1843 229 1875 Si
244 1845 556 1885 vellent—legissent
573 1845 600 1874 is
617 1855 635 1874 a
651 1845 872 1875 construction
890 1846 995 1876 which
1009 1857 1058 1877 we
1071 1846 1135 1878 feel
1149 1854 1180 1878 to
1194 1849 1234 1878 bc
1248 1856 1381 1888 strange

124 1884 173 1916 for
187 1886 218 1916 si
230 1886 426 1921 voluissent;
453 1886 510 1915 but
527 1895 582 1915 sec
603 1884 711 1915 Gram.
729 1884 834 1921 §3422
855 1893 942 1916 note.

163 1937 176 1954 4
189 1934 274 1966 This
297 1934 433 1966 showed
457 1934 512 1965 the
536 1934 725 1966 distinction
748 1935 899 1966 between
917 1936 971 1967 the
988 1947 1099 1975 power
1115 1937 1152 1969 of
1170 1938 1225 1969 the
1241 1938 1382 1970 dictator

124 1974 188 2006 aud
200 1975 271 2005 that
287 1975 324 2006 of
336 1975 390 2006 the
407 1975 551 2009 consuls.
572 1974 618 2005 for
632 1975 686 2005 the
702 1974 796 2005 latter
809 1975 862 2006 did
879 1983 933 2006 not
947 1987 1066 2015 appear
1079 1978 1110 2008 in
1127 1978 1249 2016 public.
1264 1979 1379 2009 within

124 2015 180 2046 the
196 2016 275 2053 city,
294 2015 374 2046 with
392 2015 446 2046 the
463 2025 542 2045 axes
559 2014 591 2045 in
606 2014 788 2053 the-fasces.
834 2016 908 2046 The
925 2017 1119 2055 symbolical
1136 2019 1289 2058 meaning
1312 2029 1380 2050 was

124 2055 303 2086 this—that
326 2055 409 2086 from
431 2066 450 2085 a
472 2063 626 2085 sentence
650 2054 687 2084 of
704 2065 721 2085 a
740 2055 854 2086 consul
877 2067 916 2086 an
939 2057 1053 2095 appeal
1070 2068 1138 2088 was
1155 2058 1329 2096 permitted
1346 2066 1380 2089 to

122 2095 178 2127 the
195 2095 324 2134 peopte,
343 2095 492 2126 whereas
509 2095 562 2125 the
580 2094 749 2125 dictator's
766 2105 877 2133 power
894 2107 961 2127 was
975 2107 1010 2127 as
1027 2105 1082 2136 yet
1099 2098 1262 2129 absolute.

162 2148 174 2166 ⁵
188 2146 310 2183 Serere,
329 2149 383 2177 ‘to
400 2147 484 2184 knit,
502 2153 535 2177 to
548 2146 619 2185 joiu
635 2153 668 2176 to
690 2156 751 2177 one
775 2147 937 2185 another,’
964 2149 1140 2180 construed
1164 2149 1230 2180 like
1241 2151 1381 2190 pendere

123 2186 205 2217 with
221 2198 266 2217 ex.

162 2236 174 2253 Β
186 2235 385 2273 Equivalent
399 2242 433 2267 to
448 2246 529 2276 quae
547 2237 720 2276 impensa&
746 2235 801 2267 the
825 2236 930 2274 plural
945 2237 983 2268 of
992 2238 1146 2278 impensa,
1168 2241 1175 2254 ‘
1186 2240 1376 2277 expenses‚'

122 2274 154 2306 is
170 2275 203 2306 iu
213 2285 304 2306 more
320 2285 472 2308 common
484 2286 543 2307 use
560 2275 639 2307 than
655 2275 710 2307 the
726 2276 882 2316 singular.

273 2319 312 2349 11
