1539 2508
114 98 192 133 166
656 95 691 120 Τ.
726 93 843 119 ιινιι.

108 181 274 217 maxime
310 175 478 224 placebat
520 169 724 210 sententia;
767 177 836 202 nec
877 170 1001 199 auctor
1043 159 1214 209 quamvis
1253 156 1388 193 audaci

111 228 259 264 facinori
288 225 427 259 deerat.
481 221 591 258 Igitur
616 215 740 262 judicii
767 214 839 259 die,
859 224 943 247 cum
971 210 1078 257 plebs
1104 209 1137 243 in
1166 207 1239 242 foro
1265 210 1390 240 erecta

110 274 367 321 expectatione
407 276 527 313 staret,
564 266 684 300 mnan
730 263 855 308 primo,
891 259 987 306 quod
1032 269 1100 292 non
1146 252 1391 290 descenderet

112 325 296 363 tribunns;
331 318 416 353 dein
448 327 534 350 cnm
566 313 640 358 jam
672 321 772 345 mora
798 307 1001 353 suspectior
1027 305 1144 348 fieret,
1173 300 1390 337 deterritum

112 384 134 406 a
168 367 384 416 prirnoribus
426 363 587 406 credere,
625 367 660 393 et
702 358 886 392 desertam
929 365 973 388 ac
1015 351 1197 398 proditam
1239 357 1391 384 causam

112 418 299 465 publicam
333 413 444 458 queri.
513 407 680 443 Tandem
715 405 776 450 qui
810 401 994 438 obversati
1030 397 1211 434 vestibulo
1254 394 1392 430 tribuni

115 468 266 506 fuerant,
297 461 462 496 nuntiant
490 456 589 491 domi
618 461 802 489 mortuum
829 461 911 485 esse
938 449 1140 483 inventum.
1191 442 1297 483 Quod
1328 441 1390 476 ubi

116 515 152 549 in
192 519 303 547 totam
345 507 553 542 contionem
597 501 743 548 pertulit
788 509 918 541 rumor,
954 496 1049 530 sicut
1089 493 1190 528 acies
1231 490 1394 526 funditur

117 562 213 596 duce
243 558 374 601 occiso,
408 556 457 588 ita
483 551 614 596 dilapsi
642 547 776 595 passim
805 545 865 579 alii
896 544 979 577 alio.
1032 540 1258 585 Praecipuus
1283 547 1394 583 pavor

118 609 278 643 tribunos
307 605 499 642 invaserat,
528 610 639 644 quam
675 594 762 630 nihil
789 592 914 627 auxilii
945 596 1108 625 sacratae
1142 587 1255 632 leges¹
1283 584 1394 619 habe-

118 661 207 698 rent,
245 658 359 687 morte
394 648 556 693 collegae
594 644 759 679 monitos.
812 641 891 676 Nec
925 639 1052 673 Patres
1084 636 1172 671 sans
1206 633 1395 668 moderate

120 704 212 738 serre
248 699 448 735 laetitiam:
483 695 660 738 'adeoque
696 689 884 725 neminem
920 685 1065 721 noxiae²
1100 680 1321 730 poenitebat,
1356 683 1395 713 ut

120 751 230 785 etiarn
253 749 413 782 insontes
433 743 565 778 fecisse
585 739 702 774 videri
721 736 868 782 vellent,
888 734 1084 782 palamque
1107 731 1259 765 serretur
1284 725 1398 762 malo³

120 795 341 833 domandam
363 791 593 827 tribuniciam
614 791 847 833 potestatem.

170 848 225 879 55.
260 842 334 878 Sub
368 841 438 875 hac
467 836 618 883 pessimi
648 832 808 877 exempli
837 829 1001 864 victoria⁴
1026 826 1193 861 delectus
1218 822 1397 866 edicitur3

122 891 415 939 paventibusque
443 884 606 927 tribunis,
628 882 706 916 sine
734 877 994 914 intercessione
1022 874 1096 909 ulla
1122 870 1292 907 consules
1319 879 1398 903 rem

123 944 314 987 peragunt.
365 936 461 969 Tum
490 943 573 966 vero
601 928 704 964 irasci
730 927 835 973 plebs
860 924 1085 959 tribunorum
1105 920 1224 965 magis
1241 916 1397 961 silentio,

124 999 235 1035 quam
265 983 456 1019 consulum
487 978 648 1024 imperiO,
679 984 714 1009 et
744 974 867 1008 dicere
897 978 1019 1006 actum
1047 979 1129 1003 esse
1156 967 1202 1002 de
1229 965 1399 1000 libertate

125 1047 200 1078 sua,
224 1044 345 1068 rursus
362 1029 407 1064 ad
435 1027 584 1072 antiqua
612 1024 791 1066 reditum3
819 1032 904 1055 cum
931 1018 1095 1054 Genucio
1123 1026 1194 1050 una
1220 1020 1400 1048 mortuam

125 1095 169 1118 ac
198 1080 378 1127 sepultam
414 1074 643 1111 tribuniciam
679 1075 912 1116 potestatem.
980 1064 1091 1100 Aliud
1126 1061 1322 1107 agendum⁷
1356 1070 1401 1093 ac

126 1127 370 1175 cogitandum,
407 1120 588 1170 quomodo
619 1120 804 1153 resistatur
832 1114 1012 1150 Patribus.
1065 1111 1104 1147 Id
1131 1117 1257 1144 autem
1287 1117 1403 1142 unum

126 1177 320 1212 consilium
347 1184 440 1215 esse,
471 1177 507 1204 ut
534 1180 573 1202 se
602 1168 677 1213 ipsa
705 1165 818 1211 plebs,
848 1160 994 1208 quando
1023 1158 1122 1193 aliud
1153 1156 1241 1192 nihil
1275 1153 1403 1189 auxilii

128 1225 274 1267 habeat,
294 1219 481 1256 defendat.
534 1216 709 1254 Quattuor
736 1219 771 1246 et
799 1210 923 1255 viginti
952 1209 1096 1242 lictores
1121 1214 1298 1251 apparere
1321 1212 1404 1236 con-

129 1272 282 1314 sulibus⁷
304 1276 338 1304 et
359 1280 422 1303 eos
442 1267 537 1311 ipsos
556 1262 673 1308 plebis
692 1260 880 1295 homines:
911 1256 1000 1290 nihil
1020 1252 1268 1298 contemptius
1286 1259 1404 1294 neque

129 1319 320 1359 infirmius,
341 1317 369 1351 si
396 1316 477 1358 sint,
497 1311 558 1357 qui
585 1313 831 1344 contemnant.
884 1304 959 1339 Sibi
987 1312 1173 1348 quemque
1200 1310 1244 1333 ea
1270 1307 1407 1341 magna

129 1374 240 1413 atque
276 1362 455 1399 horrenda
488 1360 622 1394 faeere.
692 1356 756 1389 His
791 1352 942 1387 vocibus
975 1350 1034 1383 alii
1069 1348 1162 1383 alios
1196 1357 1280 1381 cum
1316 1343 1406 1379 inci-

132 1419 281 1457 tassent,
313 1411 359 1445 ad
394 1408 612 1443 Voleronem
650 1402 861 1445 Publilium,
889 1399 935 1433 de
962 1397 1070 1444 plebe
1095 1394 1294 1435 hominem⁷
1321 1391 1407 1437 quia

131 1462 225 1509 quod
268 1459 413 1494 ordines
446 1455 620 1497 duxisset,
657 1456 806 1494 negaret
848 1459 887 1482 se
930 1445 1088 1480 militem
1122 1442 1200 1478 fieri
1243 1439 1408 1483 debere‚⁶

132 1511 235 1545 lictor
268 1507 403 1542 missus
436 1510 490 1538 est
523 1514 544 1535 a
578 1498 802 1534 consulibus.
863 1493 995 1528 Volero
1029 1491 1189 1538 appellat
1233 1487 1407 1522 tribunos.

133 1559 225 1594 Cum
266 1553 400 1589 auxilio
444 1561 552 1586 nemo
595 1553 703 1591 esset,
742 1542 912 1579 consules
954 1539 1099 1586 spoliari
1142 1536 1330 1572 hominem
1372 1539 1409 1568 et

133 1606 254 1649 virgas
287 1599 452 1647 expediri
485 1597 625 1643 jubent.
695 1591 900 1636 ‘Provoco‚⁷
942 1588 1068 1634 inquit,
1105 1585 1174 1620 ‘ad
1207 1581 1408 1631 populum'

135 1653 276 1695 Volero,
314 1647 510 1695 ‘quoniam
545 1642 677 1678 tribuni
719 1641 840 1674 civem
884 1637 1094 1672 Romanum
1137 1634 1174 1668 in
1210 1635 1411 1677 conspectu

141 1762 283 1802 injuria:
310 1770 353 1790 an
371 1758 419 1788 sor
434 1761 491 1786 aut
509 1755 553 1793 by
569 1763 609 1784 an
623 1750 761 1790 ellipsis,
782 1748 837 1779 the
854 1746 913 1778 full
937 1752 1096 1777 sentence
1118 1742 1220 1782 being
1235 1742 1326 1772 nullo
1341 1740 1410 1771 dis-

138 1801 380 1840 criminesaclo.
393 1798 473 1837 jure
489 1807 532 1826 (ιη
551 1793 686 1832 iniuria.
735 1790 899 1828 Compare
918 1786 1052 1824 Zumpt,
1073 1784 1089 1818 ᾖ
1106 1786 1178 1815 354.

182 1844 193 1861 ¹
206 1842 268 1872 See
286 1839 420 1876 chapter
437 1839 487 1871 33,
507 1846 536 1874 p.
558 1836 626 1867 138,
647 1838 721 1863 note
739 1832 768 1861 3.

181 1884 193 1901 '³
206 1881 459 1912 Noxiaznoza,
482 1881 488 1892 ⁴
505 1886 523 1906 a
539 1871 735 1913 punishable
753 1869 874 1904 action,
894 1878 912 1899 a
929 1865 1054 1898 crime.’

182 1924 194 1942 ³
207 1921 348 1955 Malum,
367 1918 404 1949 of
423 1916 534 1960 bodily
551 1913 801 1959 chastisement‚
821 1920 856 1940 as
875 1909 916 1939 iv.
934 1909 987 1952 49,
1006 1906 1125 1936 malum
1139 1904 1295 1948 militibus
1318 1902 1409 1939 meis,

142 1966 406 2033 wfssffisst‘re
419 1958 553 2035 {2353}
566 1941 1414 2028 0f¹¹t132¹¹⁰¹0{³0¹5ssssssssfllfflu{hytifsshsslffi'isdaffssgage

144 2043 248 2075 ofthe
266 2042 428 2080 language
452 2036 612 2068 demands
637 2034 692 2064 the
716 2031 905 2063 accusative
929 2027 1012 2059 with
1035 2027 1093 2058 sub
1115 2024 1275 2064 denoting
1297 2022 1398 2054 simul

147 2083 270 2121 taneity
287 2092 322 2112 or
338 2077 548 2111 coincidence
565 2075 602 2106 of
614 2075 704 2104 time.
751 2072 814 2102 See
834 2070 969 2108 Zumpt.
989 2068 1007 2102 ᾧ
1023 2068 1094 2098 319.

185 2127 198 2144 ⁵
214 2123 385 2154 ‘Because
408 2127 496 2156 upon
518 2116 574 2146 the
598 2113 724 2154 ground
748 2112 818 2142 that
843 2111 883 2142 he
907 2107 971 2140 had
993 2109 1079 2140 been
1102 2117 1120 2137 a
1135 2104 1278 2144 captain.
1298 2103 1339 2134 he
1355 2101 1396 2134 de

147 2163 256 2196 clared
270 2162 338 2194 that
356 2161 397 2191 he
411 2156 530 2190 should
548 2162 601 2186 not
619 2156 658 2185 be
675 2152 771 2184 made
788 2163 806 2183 a
822 2159 976 2182 common
999 2146 1153 2180 soldier:’
1179 2154 1235 2176 see
1251 2144 1346 2182 chap.
1363 2145 1414 2175 23.

147 2206 211 2237 His
223 2201 366 2236 demand
378 2209 448 2230 was
460 2199 530 2238 just
543 2207 551 2233 ;
577 2194 638 2226 and
657 2192 774 2224 indeed
792 2191 881 2222 what
898 2190 939 2221 he
953 2189 1031 2220 here
1044 2187 1160 2219 claims
1173 2196 1209 2217 as
1224 2191 1417 2223 customary

147 2256 217 2277 was
233 2240 426 2276 afterwards
440 2237 535 2270 made
551 2247 570 2267 a
585 2235 648 2266 law
663 2239 731 2269 (see
749 2232 846 2271 Livy,
862 2231 918 2262 vii.
931 2226 1173 2265 41)—namety‚
1189 2226 1260 2256 that
1277 2225 1308 2255 in
1322 2223 1414 2263 levy-

147 2287 204 2325 ing
220 2295 293 2316 new
310 2283 437 2323 legions
453 2288 495 2310 no
510 2287 587 2308 man
603 2273 723 2306 should
745 2274 786 2304 be
809 2270 966 2311 assigned
987 2280 1007 2301 a
1027 2267 1112 2300 rank
1133 2265 1266 2298 inferior
1286 2270 1321 2296 to
1342 2263 1413 2296 that

150 2325 260 2357 which
275 2325 317 2356 he
333 2321 399 2355 had
414 2317 570 2357 formerly
586 2314 675 2348 held.
