1523 2524
645 114 774 141 mmm
801 115 908 142 xxn.
1312 93 1408 140 μ343

137 190 222 227 Neo
238 194 364 226 tamen
379 199 449 225 eae
465 199 487 224 c
501 187 592 224 ades
617 188 920 236 defectionesque
947 188 1127 226 sociorum
1152 197 1347 226 moverunt
1368 198 1408 228 ut

137 238 242 285 pacis
276 237 447 284 usquam¹
483 237 620 272 mentio
657 237 754 284 apud
795 238 979 273 Romanos
1014 238 1128 283 fieret,
1166 245 1288 285 neque
1321 246 1407 275 ante

137 285 298 320 consulis
324 285 479 320 Romam
507 284 718 330 adventum,
745 296 815 320 nec
841 292 1035 332 postquam
1062 286 1092 320 is
1121 285 1226 320 rediit
1257 297 1406 322 renova-

137 332 264 378 vitque
296 332 514 368 memoriam
543 339 720 378 acceptae
754 332 882 367 cladis.
944 333 1024 371 Quo
1063 333 1098 367 in
1134 339 1298 380 tempore
1327 335 1407 380 ipso

137 379 231 414 adeo
262 391 397 426 magno
429 379 553 414 animo
587 380 716 414 civitas
741 379 819 425 fuit,
850 387 888 414 ut
918 380 1057 415 consuli
1086 392 1132 415 ex
1160 387 1260 415 tanta
1285 381 1404 428 clade,

137 426 245 474 cujus
272 427 350 474 ipse
375 438 487 462 causa
512 427 674 462 maxima
698 427 856 474 suisse1‚2
882 427 1047 462 redeunti
1074 434 1110 462 et
1135 427 1284 463 obviam
1312 429 1405 464 itum

136 474 349 521 frequenter
372 474 420 510 ab
445 475 618 510 omnibus
642 474 830 509 ordinibus
855 475 912 521 sit,
940 481 976 510 et
1002 476 1140 520 gratiae
1166 482 1281 521 actae,
1306 477 1403 522 quod

136 521 184 558 de
218 533 256 557 re
288 522 437 568 publica
470 533 540 557 non
577 521 832 568 desperasset3
875 523 945 567 cui,
979 523 1010 558 si
1044 522 1405 568 Carthaginiensium

136 569 266 606 ductor
282 569 424 616 suisset,
443 569 535 604 nihil
554 569 799 605 recusandum
817 570 986 616 supplicii
1004 569 1124 605 soret.³

135 686 175 720 of
191 686 371 759 aldecided
385 685 579 718 inclination
594 692 629 718 to
645 685 738 718 leave
763 685 818 717 the
844 686 1100 727 Carthaginians
1124 687 1204 719 than
1226 698 1269 720 an
1291 687 1401 720 actual

135 737 215 761 revo
231 734 254 759 t.

178 780 190 799 ²
203 778 293 811 That
309 778 349 816 is,
368 778 475 810 either
491 778 524 810 in
539 777 595 810 the
611 784 726 810 senate
743 788 779 810 or
795 778 851 809 the
868 778 1007 818 popular
1022 779 1204 819 assembly.

177 832 191 851 ¹
205 834 214 848 ‘
227 829 375 871 Though
390 829 432 862 he
448 829 513 862 had
529 829 668 861 himself
680 830 776 861 been.
826 829 936 861 Gram.
956 830 974 863 ὑ
991 832 1062 867 360,
1083 833 1114 867 6,
1133 838 1210 862 note
1227 832 1256 862 3.

177 881 191 902 ⁸
203 880 283 914 The
296 879 469 921 imperfect
484 879 533 912 for
549 879 605 912 the
620 878 816 919 plupersect.
863 879 927 911 See
947 880 1056 912 Gram.
1075 880 1093 915 ὓ
1109 882 1181 919 345,
1199 887 1289 913 note.

708 1525 861 1549 lels.
