1507 2476
673 101 801 128 malm
829 102 855 128 t.
1343 90 1393 128 51

137 178 302 226 jamnon
323 180 445 212 motus
462 181 601 212 tantum
620 187 811 222 eoi-porum
829 177 1050 223 agitatioque
1075 186 1214 222 anceps
1238 174 1394 212 telorum

130 235 398 270 armorumque,
413 223 478 258 sed
499 224 647 258 vulnera
660 235 805 270 quoque
823 234 859 258 et
873 226 1020 269 sanguis
1032 223 1244 269 spectaculo
1257 231 1392 271 essent,

130 273 202 308 duo
235 271 396 316 Romani,
427 282 536 316 super
569 272 682 306 alium
716 272 820 316 atius,
855 272 1052 306 vulneratis
1084 271 1198 306 tribus
1227 270 1391 317 Albanis,

130 321 337 366 expirantes
352 326 574 353 corruerunt.
625 318 680 353 Ad
708 330 859 363 quorum
879 331 1005 353 casum
1025 330 1111 353 cum
1125 318 1392 353 conclamasset

128 367 263 413 gaudio
288 365 454 402 Albanus
479 367 672 411 eittercitus⁷
701 366 884 401 Romanas
910 367 1070 411 legiones
1093 366 1168 412 jam
1195 376 1280 411 spes
1307 373 1390 411 tota,

129 415 287 450 nondum
316 421 438 448 tamen
465 424 552 447 cura
575 413 795 450 deseruerat.
816 416 1007 448 exanimes
1033 414 1125 447 vice¹
1145 414 1258 456 uniusy
1278 424 1391 458 quem

128 469 202 497 tres
218 461 364 497 Curiatii
383 460 710 495 circumsteterant.
751 460 857 495 Forte
873 462 902 495 is
917 462 1054 505 integer
1070 462 1145 505 suit7
1161 467 1197 494 ut
1213 461 1392 495 universis

128 509 228 544 solus
247 519 479 554 nequaquam
508 520 581 554 par,
601 509 652 542 sic
678 507 855 542 adversus
881 509 1043 553 singulos
1069 508 1180 542 ferox.
1232 507 1327 552 Ergo
1354 514 1392 543 ut

127 562 335 602 segregaret
354 566 512 601 pugnarn
531 567 669 599 eorum,
690 557 847 600 capessit
865 556 998 600 sugam⁷
1016 556 1063 589 ita
1080 563 1177 589 tatus
1190 563 1388 601 secuturos,

128 612 166 639 ut
179 615 365 650 Quemque
381 602 528 637 vulnere
542 603 718 637 affectum
732 614 862 648 corpus
875 610 1020 637 sineret.
1065 603 1146 638 Jam
1160 602 1390 648 aliquantum

127 651 233 698 spatii
253 662 298 685 ex
316 661 360 685 eo
378 649 466 695 loco,
487 650 546 684 ubi
568 658 765 695 pugnatum
786 658 850 695 est,
870 650 1072 695 aufugerat5
1088 662 1170 684 curn
1192 651 1392 695 respiciens

128 699 228 734 videt
248 700 389 743 magnis
408 697 607 732 intervallis
624 704 830 743 sequentes,
851 709 962 732 unum
985 697 1080 731 haud
1104 697 1224 743 procul
1243 699 1290 731 ab
1308 708 1390 732 sese

126 747 272 782 abesse.
324 745 361 780 ln
381 757 465 780 eum
487 756 620 790 magno
639 745 774 790 impetu
797 745 914 779 rediit.
969 746 1011 780 Et
1038 745 1124 779 dum
1146 744 1312 779 Albanus
1330 756 1390 779 ex-

128 800 264 829 ereitus
282 793 453 827 inclamat
472 793 648 836 Curiatiis,
664 792 714 826 uti
735 803 840 837 opem
862 792 976 826 ferant
997 792 1107 836 fratri7
1126 792 1200 837 jam
1222 792 1391 826 Horatius

128 851 236 877 caeso
255 839 358 876 hoste
377 841 489 874 vietor
507 839 706 874 secundam
724 851 880 885 pugnarn
899 839 1057 885 petebat.
1109 840 1202 874 Tum
1218 840 1389 886 clamore,

128 889 246 937 qualis
263 900 307 923 ex
327 889 509 934 insperato
523 886 724 922 faventium
745 887 862 932 solet}
876 887 1027 922 Romani
1046 887 1219 933 adjuvant
1235 889 1392 922 militem

129 947 260 981 suum3
294 942 330 970 et
357 934 418 969 ille
444 934 594 980 defungi
623 934 756 980 proelio
784 934 942 969 festinat.
996 935 1099 969 Prius
1130 936 1252 980 itaque
1279 946 1392 980 quam

128 984 231 1029 alter,
264 982 327 1029 qui
345 983 428 1017 nec³
460 982 585 1028 procul
618 982 755 1028 aberat,
791 983 964 1028 consequi
1001 988 1131 1028 posset,
1167 990 1203 1016 et
1236 982 1392 1017 alterum

129 1030 329 1068 Curiatium
360 1029 517 1064 conficit.
567 1029 724 1076 Jamque
759 1038 914 1075 aequato
949 1030 1070 1064 Marte
1105 1029 1238 1075 singuli
1270 1041 1392 1075 super·

129 1085 243 1124 erant,
263 1078 326 1113 sed
346 1089 415 1112 nec
434 1088 498 1123 spe
517 1088 585 1111 nec
603 1078 740 1112 viribus
757 1088 874 1123 pares.
926 1076 1090 1112 Alterum
1109 1076 1288 1112 intactum
1301 1077 1394 1111 ferro

130 1138 262 1173 corpus
288 1132 324 1160 et
357 1126 543 1170 geminata
577 1124 729 1159 victoria
759 1124 919 1158 ferocem
954 1124 988 1158 in
1023 1131 1212 1158 cei-tamen
1246 1125 1394 1160 tertium

131 1173 264 1218 daba13
298 1172 390 1206 alter
415 1171 554 1206 fessum
582 1172 744 1215 vulnere,
773 1171 909 1205 sessum
941 1183 1044 1205 cursu
1076 1171 1223 1205 trahens
1251 1183 1392 1217 corpus,

133 1221 324 1266 victusque
343 1219 492 1253 fratrum
512 1226 595 1252 ante
614 1230 653 1252 se
672 1225 802 1263 strage,
823 1219 947 1252 victori
967 1219 1136 1264 objicitur
1158 1218 1263 1253 hosti.
1314 1220 1395 1254 Nec

132 1268 221 1304 illud
240 1266 415 1314 proelium
438 1265 531 1299 suit.⁴
580 1266 763 1300 Romanus
780 1266 967 1300 exsultans
995 1266 1133 1300 ‘Duos‘
1164 1266 1278 1312 inquit
1306 1267 1394 1300 ‘sra-

132 1322 228 1351 trum
255 1314 444 1349 Manibus⁵
469 1312 577 1347 dedi:
609 1313 755 1347 tertium
786 1325 920 1347 causae
947 1313 1035 1348 belli
1071 1313 1234 1358 hujusce,
1262 1320 1300 1348 ut
1329 1314 1396 1350 Ro-

132 1374 264 1398 manus
282 1362 423 1396 Albano
443 1361 607 1405 imperet,
627 1359 747 1394 dabo)
799 1360 901 1394 Male
915 1361 1217 1395 sustinentiarma
1230 1361 1397 1406 gladium

133 1409 304 1456 superne-⁶
319 1407 443 1455 jugulo
460 1407 599 1453 defigit,
617 1407 802 1453 jacentem
823 1407 964 1453 spoliat.
1016 1408 1165 1443 Romani
1184 1417 1336 1443 ovantes
1353 1419 1397 1443 ac

132 1457 356 1504 gratulantes
381 1455 567 1490 Horatium
595 1455 792 1501 accipiunt,
820 1466 862 1488 eo
890 1455 1026 1501 majore
1053 1466 1135 1489 cum
1163 1456 1306 1500 gaudio,
1327 1467 1397 1501 quo

133 1505 258 1551 propt-2⁷
271 1510 410 1538 metum
431 1514 489 1536 res
503 1502 631 1536 suerat.
683 1502 738 1536 Ad
760 1502 982 1548 sepulturam
999 1502 1083 1537 inde
1103 1514 1247 1537 suorum
1264 1515 1398 1549 nequa-

133 1563 245 1599 quam
272 1550 420 1597 paribus
445 1549 577 1583 animis
604 1556 799 1593 vertuntur,
819 1549 955 1594 quippe
983 1550 1135 1595 imperio
1161 1551 1262 1584 alteri
1289 1551 1397 1596 aucti,

134 1598 239 1633 alteri
273 1597 428 1631 dicionis
460 1596 604 1630 alienae
633 1595 732 1630 sacti.
784 1596 958 1642 Sepulcra
991 1604 1114 1630 extant
1145 1609 1215 1643 quo
1243 1598 1399 1643 quisque

134 1646 213 1682 loco
230 1644 376 1689 cecidit,
395 1643 466 1678 duo
484 1644 646 1678 Romana
665 1655 736 1678 uno
754 1643 831 1678 loco
850 1645 994 1690 propius
1012 1644 1157 1688 Albam,
1171 1645 1238 1679 tria
1256 1644 1400 1680 Albana

135 1694 287 1729 Romam
308 1703 444 1735 versus⁷
465 1691 530 1725 sed
549 1691 720 1725 distantia
738 1690 837 1735 locis,
859 1698 896 1725 ut
915 1698 951 1725 et
969 1700 1171 1738 pugnatum
1191 1700 1259 1726 est.
1282 1707 1292 1715 ·

185 1743 242 1775 26.
271 1740 484 1784 Priusquam
514 1737 597 1772 iude
623 1737 908 1782 digrederentur,
931 1739 1066 1784 roganti
1092 1740 1232 1784 Mettio,
1253 1752 1300 1775 ex
1325 1739 1399 1774 foe-

137 1787 224 1823 dere
253 1787 323 1821 icto
349 1786 435 1832 quid
463 1786 671 1830 imperaret,
691 1785 845 1831 imperat
871 1785 1009 1827 Tullus,
1030 1786 1081 1820 uti
1106 1786 1333 1832 juventutem
1362 1788 1399 1822 in

136 1834 251 1871 armis
268 1833 424 1868 habeat:
453 1844 601 1867 usurum
621 1844 660 1867 se
674 1843 799 1867 eorum
819 1844 940 1878 opera,
956 1834 985 1868 si
1007 1833 1141 1868 bellum
1162 1846 1246 1869 cum
1268 1835 1400 1869 Veien-

178 1946 269 2021 ³22⁰:
286 1948 663 2023 {ffhrgoggphhhemm
679 1995 697 2015 a
714 1984 876 2024 gladiator
892 1985 967 2016 who
980 1985 1040 2017 has
1053 1987 1297 2026 unexpectedly
1308 1997 1401 2018 come

141 2027 192 2060 off
202 2026 379 2058 victorious
396 2025 423 2056 is
439 2024 573 2064 greeted
592 2024 671 2055 with
690 2025 744 2055 the
762 2025 919 2063 applause
936 2026 973 2056 of
985 2026 1040 2056 the
1057 2035 1251 2065 spectators.

181 2068 194 2087 ³
208 2071 217 2084 ‘
231 2066 313 2098 Also
330 2065 408 2096 not.’
456 2064 555 2103 Fully
571 2076 628 2096 nec
643 2066 719 2105 ipse.
764 2065 827 2096 See
847 2065 981 2104 Zumpt,
1001 2066 1018 2099 ᾖ
1035 2069 1108 2100 698.
1127 2069 1239 2107 odfin.

181 2110 218 2154 ⁴.‘
232 2106 309 2138 And
321 2106 391 2136 that
406 2115 475 2135 was
487 2104 719 2175 noidaffiartltslgff‘
738 2105 870 2144 supply,
893 2110 900 2122 ⁴
913 2107 1004 2137 buta
1016 2107 1203 2146 butchery‚'
1225 2107 1278 2138 the
1291 2106 1404 2138 Alban

142 2146 378 2218 begn‘g‘l'lffffllee
388 2145 543 2224 dsstgieii‘erd
568 2185 679 2223 spirits
702 2169 740 2216 of
758 2195 814 2224 my
835 2185 1009 2218 brothers.'
1057 2186 1086 2217 It
1111 2197 1187 2226 may
1210 2187 1250 2218 be
1273 2185 1425 2218 noticed.

145 2228 221 2288 that⁴
231 2225 580 2299 gigffisaggeeadonffi
605 2236 733 2262 manus,
755 2231 763 2242 ‘
776 2228 831 2257 the
849 2226 962 2263 hand‚’
981 2239 1001 2259 α
1018 2227 1122 2258 short.

186 2308 197 2327 ¹
210 2308 269 2339 An
283 2290 491 2346 irregulariiy
507 2305 556 2336 sor
567 2306 713 2346 propius.
759 2305 822 2337 See
841 2307 975 2345 Zumpt,
995 2306 1012 2340 ὦ
1029 2308 1101 2344 690,
1121 2306 1203 2338 wnh
1218 2313 1308 2340 noto.
