1539 2508
71 94 152 131 ³04
619 103 654 128 ἰ·.
687 103 799 129 Livii.

71 179 197 215 hostes
213 178 404 215 continuit.
456 177 525 216 Qui
546 177 671 213 solutis
697 178 886 213 ordinibus
910 189 1005 224 vage
1031 178 1199 226 dissipati
1226 183 1330 216 erant

71 227 233 274 undique
261 226 501 271 confugerunt
527 225 572 260 ad
604 226 782 271 integram
812 226 959 272 aciem;
992 227 1053 274 qui
1084 227 1207 274 plures
1231 206 1344 264 simul

72 282 174 321 terga
207 274 393 317 dederant,
430 274 595 307 conversi
638 274 671 308 in
710 274 854 309 hostem
898 274 1159 322 volventesque
1201 275 1344 312 orbem¹

72 335 168 358 nunc
199 323 334 358 sensim
365 321 497 356 referre
528 321 673 368 pedem,
706 334 802 358 nunc
835 322 1042 367 conglobati
1077 329 1226 359 restare.
1287 324 1344 360 Ac

68 370 146 418 jam
180 382 290 417 prope
325 382 397 405 una
427 369 527 403 acies
555 369 651 404 sacta
681 377 757 405 erat
788 371 874 405 victi
904 377 1016 417 atque
1047 371 1176 417 integri
1205 372 1344 407 exerci-

73 426 140 464 tus,
177 418 457 463 inferebantque
487 417 591 461 signa
625 418 659 453 in
695 418 859 453 hostem:
896 430 980 453 cum
1011 418 1153 454 Poenus
1178 419 1344 466 receptui

71 467 214 512 cecinit,
230 466 351 513 palam
369 466 508 500 ferente
528 465 747 501 Hannibal&
765 465 813 502 ab
831 479 870 501 se
890 466 1112 511 Minucium,
1132 478 1172 502 se
1189 478 1212 502 a
1229 465 1345 503 Fabio

71 521 224 549 victum.

121 562 173 597 lta
207 573 269 608 per
302 561 440 596 variam
474 561 655 596 sonunam
690 561 763 596 diei
798 561 936 608 majore
966 567 1068 608 parte
1098 567 1230 598 exacta
1258 573 1345 598 cum

73 610 105 644 in
126 618 243 644 castra
263 610 417 644 reditum
438 615 546 654 esset,
567 609 756 644 Minucius
773 610 983 644 convocatis
1001 609 1181 646 militibus
1208 610 1346 657 ‘Saepe

72 658 152 702 ego’
184 658 296 704 inquit
333 657 491 702 ‘audivi,
523 657 671 703 milites,
703 669 791 692 eum
821 658 981 704 primum
1011 670 1095 693 esse
1122 658 1243 694 virum
1282 657 1346 706 qui

73 705 152 752 ipse
186 705 350 740 consulat
385 704 471 751 qnid
508 705 543 739 in
579 716 655 740 rem
691 706 763 750 sit7³
797 706 1001 741 secundum
1036 717 1120 742 eum
1155 707 1218 753 qui
1275 717 1346 742 ene

73 753 235 788 monenti
261 752 429 788 obediat:
467 753 526 799 qui
556 765 624 788 nec
653 754 730 800 ipse
760 754 952 789 consulere
980 765 1050 789 nec
1082 754 1189 790 alteri
1218 766 1346 802 parere

74 801 173 846 sciat,
208 812 295 835 eum
331 801 484 836 extremi
520 801 654 846 ingenii
692 813 786 836 esse.
854 801 972 837 Nobis
1012 803 1186 848 quoniam
1228 802 1349 850 prima

73 848 189 883 animi
231 849 442 894 ingeniique
484 855 617 893 negata
654 860 729 883 sors
766 855 831 894 est,
867 849 1070 885 secundam
1104 862 1148 886 ac
1182 851 1348 886 mediam

76 903 290 941 teneamus3
325 903 359 930 et
394 896 482 931 dum
514 896 696 942 imperare
726 897 929 941 discimus,⁴
956 908 1083 943 parere
1112 898 1282 944 prudenti
1311 899 1348 934 in

75 944 239 979 animum
268 944 498 978 inducamus.
550 945 675 979 Castra
694 956 778 980 cum
800 944 913 980 Fabio
934 944 1151 991 jungamus:
1178 945 1225 980 ad
1245 957 1348 992 prae·

77 992 209 1026 torium
245 991 326 1038 ejus
359 992 463 1037 signa
497 1003 582 1026 cum
620 992 823 1038 tulerimus,
852 993 912 1028 ubi
947 1004 1015 1038 ego
1041 1004 1128 1028 eum
1155 1001 1350 1040 parentem

77 1039 322 1086 appellavere,
342 1039 439 1085 quod
466 1039 648 1075 beneficio
675 1040 756 1086 ejus
783 1052 869 1085 erga
895 1051 959 1075 nos
985 1052 1029 1075 ac
1056 1040 1252 1087 majestate
1271 1041 1352 1088 ejus

77 1087 229 1133 dignum
256 1093 322 1133 est,
351 1098 425 1133 νος,
454 1088 600 1133 milites,
629 1099 692 1122 eos
718 1099 874 1134 quorum
902 1099 967 1122 vos
1000 1088 1109 1123 modo
1135 1100 1237 1124 arma
1262 1088 1348 1124 dex-

78 1137 194 1170 terae⁵
220 1142 388 1170 texerunt
418 1142 586 1181 patronos
612 1135 838 1181 salutabitis3
866 1141 901 1170 et
929 1136 958 1170 si
987 1135 1077 1171 nihil
1103 1135 1213 1183 aliud,
1234 1142 1352 1183 grato-

80 1195 159 1218 rum
179 1190 278 1218 certe
298 1182 402 1217 nobis
419 1183 624 1218 animorum
645 1183 798 1227 gloriam
817 1183 899 1218 dies
916 1183 975 1218 hic
993 1183 1163 1219 dederit.⁷

127 1234 183 1265 30.
227 1231 336 1276 Signo
369 1230 464 1276 dato,
501 1231 751 1266 conclamatur
794 1231 877 1266 inde
913 1238 950 1267 ut
986 1231 1205 1278 colligantur
1237 1231 1354 1268 vasa.⁸

80 1278 237 1314 Profecti
264 1286 299 1313 et
325 1279 473 1324 agmine
509 1278 725 1314 inc-edentes
750 1279 940 1315 dictatoris
974 1282 1107 1315 castra⁷
1133 1280 1166 1316 in
1192 1280 1352 1316 admira-

79 1327 216 1362 tionem
235 1334 271 1361 et
290 1327 410 1373 ipsum
437 1333 472 1361 et
499 1338 628 1362 omnes
646 1328 708 1373 qui
727 1327 825 1362 circa
851 1333 955 1362 erant
981 1334 1251 1364 converterunt.
1302 1327 1353 1364 Ut

80 1376 276 1410 constituta
309 1381 392 1409 sunt
426 1382 512 1409 ante
547 1375 703 1410 tribunal
738 1377 852 1419 siena,
888 1387 1101 1422 progressus
1140 1382 1225 1412 ante
1261 1375 1354 1412 alios

80 1422 256 1468 magister
281 1423 457 1468 equitum,
477 1434 564 1458 cum
590 1430 732 1469 patrem
761 1423 916 1459 Fabium
942 1423 1176 1471 appellasset,
1195 1424 1352 1460 circum-

121 1525 131 1543 ¹
148 1527 155 1540 ¹
167 1513 326 1564 Forffiing
342 1534 360 1555 a
377 1522 498 1554 circle.’
547 1523 713 1562 Compare
730 1523 797 1554 xxi.
815 1525 866 1559 56,
886 1524 921 1554 in
937 1524 1206 1564 orbempugnare.

120 1566 202 1596 ²An
219 1565 363 1596 ablativo
381 1564 533 1595 absolute
551 1564 670 1596 should
694 1564 772 1604 only
789 1565 830 1595 be
854 1563 937 1595 used
961 1563 1058 1595 when
1081 1574 1100 1594 a
1123 1573 1198 1595 new
1219 1564 1352 1604 subject

81 1616 238 1646 appears:
266 1607 322 1637 but
350 1604 515 1636 Hannibal
533 1605 559 1637 is
577 1605 632 1636 the
649 1615 741 1637 same
758 1615 794 1636 as
812 1604 867 1636 the
882 1603 1024 1636 Poenus.
1072 1603 1164 1644 Only
1181 1604 1214 1636 in
1237 1615 1350 1642 sense,

82 1648 248 1682 however.
269 1654 323 1677 not
350 1646 382 1677 in
405 1645 532 1684 sound;
559 1645 623 1677 and
646 1645 780 1678 besides
797 1644 928 1677 Poenus
953 1646 1093 1686 receptui
1113 1646 1227 1677 cecinit
1251 1645 1291 1683 is,
1317 1645 1354 1678 iu

82 1687 159 1724 fact,
179 1687 318 1727 nothing
333 1687 402 1718 else
421 1687 500 1718 than
520 1691 527 1703 ‘
540 1697 583 1718 on
600 1686 656 1718 the
673 1686 743 1718 side
761 1685 798 1718 os
816 1685 871 1717 the
891 1685 1148 1726 Carthaginians
1164 1685 1221 1718 the
1242 1685 1354 1728 signal

83 1739 152 1760 was
193 1728 266 1759 iven
282 1727 331 1759 for
347 1728 493 1759 retreat.'

123 1770 136 1787 ³
151 1773 158 1786 ‘
222 1769 265 1800 ho
281 1768 420 1800 himself
437 1768 606 1800 discovers
624 1767 712 1800 what
731 1768 758 1799 is
775 1766 910 1799 usesul.‘

123 1810 135 1828 ⁴
150 1814 157 1827 ‘
174 1810 219 1841 So
243 1809 320 1849 long
343 1820 379 1840 as
396 1819 447 1840 we
471 1820 524 1841 are
548 1809 627 1848 only
648 1809 796 1849 learning
819 1808 895 1839 how
918 1815 953 1839 to
975 1807 1187 1846 command?
1213 1808 1285 1840 that
1308 1808 1349 1846 is,

87 1854 94 1868 ¹
108 1850 192 1883 until
209 1861 259 1881 we
278 1849 366 1881 learn
384 1849 441 1881 the
458 1858 504 1881 art
523 1849 560 1881 of
570 1849 827 1889 commanding.‘
866 1848 932 1879 We
946 1856 1035 1880 must
1050 1847 1182 1880 confess
1197 1848 1269 1880 that
1284 1848 1353 1882 this

83 1891 181 1923 noble
206 1889 396 1922 sels-denial
418 1891 454 1921 os
474 1890 644 1922 Minucius
667 1901 757 1922 more
782 1889 860 1920 than
883 1889 1039 1920 balances
1063 1889 1114 1920 his
1131 1888 1253 1921 former
1274 1899 1349 1930 pre·

84 1932 264 1972 sumption.
302 1931 462 1970 Polybius
474 1942 550 1970 says
565 1931 679 1963 nothin
716 1930 753 1962 of
764 1930 801 1966 it,
817 1929 944 1970 merely
958 1930 1083 1970 stating
1097 1929 1167 1961 that
1181 1929 1352 1962 Minucius

84 1983 159 2004 now
179 1971 292 2013 joined
308 1971 360 2002 his
383 1981 475 2010 army
493 1979 526 2002 to
550 1973 619 2003 that
638 1971 675 2003 of
724 1971 839 2009 abius;
865 1971 924 2002 but
949 1970 1035 2010 Livy
1050 1971 1111 2003 has
1134 1980 1153 2002 a
1173 1970 1353 2011 particular

84 2013 190 2085 likiplg
205 2013 254 2059 sor
269 2011 454 2083 exhibhiting
470 2011 525 2043 the
542 2013 647 2044 moral
662 2012 833 2044 character
844 2011 882 2043 of
892 2011 944 2043 his
956 2010 1075 2044 heroes
1092 2012 1137 2052 by
1148 2011 1354 2054 delineating

84 2065 143 2086 suc
183 2061 276 2085 trans
293 2059 356 2084 ast
385 2063 423 2083 is.

125 2097 138 2114 ⁵
151 2094 226 2126 The
243 2093 396 2131 ordinary
409 2091 546 2132 reading
558 2092 586 2124 is
601 2094 731 2125 dextera
771 2104 821 2130 ue,
835 2099 990 2132 contrary
1002 2098 1036 2123 to
1047 2092 1104 2124 the
1117 2093 1351 2139 manuscripts.

85 2134 161 2166 The
178 2133 363 2174 asyndeton
379 2133 405 2164 is
422 2133 500 2164 here
514 2132 701 2170 allowab1e‚
715 2134 748 2165 in
773 2133 835 2166 eed
846 2132 1043 2174 preferable,
1057 2133 1203 2166 because
1216 2134 1241 2166 it
1254 2143 1352 2175 gives

85 2185 105 2206 a
119 2174 294 2207 rhetorical
312 2173 411 2205 finish
427 2180 462 2204 to
479 2172 534 2204 the
551 2180 721 2206 sentence.

126 2216 138 2234 ⁰
152 2215 216 2247 See
234 2215 300 2246 xxi.
316 2217 369 2250 47,
387 2224 420 2253 p.
437 2215 509 2250 244,
529 2220 606 2244 note
622 2215 652 2245 4.

124 2255 137 2273 '¹
153 2259 161 2272 ⁴
173 2255 337 2295 Emering
352 2254 408 2285 the
425 2253 597 2286 dictator⁷s
613 2264 708 2293 camp
725 2254 759 2286 in
774 2254 840 2286 line
852 2254 875 2292 ;'
901 2254 974 2286 that
990 2254 1031 2293 is,
1049 2265 1116 2288 non
1129 2255 1274 2297 dispersi
1292 2255 1352 2288 ced

86 2307 152 2367 igno
166 2296 305 2367 agminle.
349 2294 498 2327 Incedere
512 2294 595 2326 with
610 2293 668 2326 the
687 2295 890 2333 accusative,
908 2305 946 2328 as
961 2305 982 2328 a
996 2294 1082 2329 little
1104 2295 1231 2336 before,
1247 2306 1353 2330 συσσε-

111 2347 162 2368 ere
175 2341 264 2367 tumn
282 2347 345 2367 um.
