1507 2492
691 139 817 165 unna
846 139 888 164 11.
1344 127 1420 165 137

159 215 322 252 Dictator
339 213 571 261 triumphans
595 213 723 248 urbem
751 213 944 248 invehitur.
995 211 1109 256 Super
1126 210 1249 245 solitos
1266 210 1420 246 honores

159 263 262 298 locus
279 263 313 298 in
332 263 434 298 Circo
452 262 519 308 ipsi
538 262 763 307 posterisque
782 261 826 295 ad
847 259 1110 306 spectaculum¹
1129 258 1256 303 datus3
1276 258 1365 292 sella
1384 259 1417 292 in

157 322 202 345 eo
234 311 314 346 loco
346 310 480 345 curulis
521 310 647 356 posita.
715 308 856 342 Volscis
896 307 1051 340 devictis
1083 306 1292 341 Veliternus
1332 318 1420 350 ager

157 358 375 403 ademptu33
403 358 573 392 Velitras²
591 357 707 390 coloni
727 356 774 389 ab
792 355 881 390 urbe
901 355 1005 388 missi
1025 359 1061 387 et
1079 354 1219 388 colonia
1237 354 1407 387 deducta.

205 405 297 440 Cum
325 406 463 450 Aequis
488 411 566 450 post
593 405 779 449 aliquanto
807 408 1009 448 pugnatum
1037 408 1101 445 est,
1131 402 1243 435 invito
1269 401 1420 446 quidem

158 452 318 498 consule,
347 453 432 498 quia
466 452 544 485 loco
578 451 700 496 iniquo
730 450 963 484 subeundum
993 454 1069 482 erat
1097 448 1143 482 ad
1173 448 1317 483 hostes:
1353 447 1419 482 sed

157 499 292 534 milites
318 499 461 534 extrahi
489 510 566 532 rem
591 499 837 541 criminantes,
868 503 906 530 ut
931 496 1094 540 dictator,
1115 497 1321 541 priusquam
1350 495 1419 541 ipsi

156 546 313 580 redirent
347 547 382 581 in
419 546 558 590 urbem,
594 546 803 590 magistratu
837 544 964 588 abiret,
997 544 1177 587 irritaque,
1208 543 1301 576 sicut
1334 548 1419 576 ante

157 593 326 639 consulis,
353 594 530 639 promissa
555 593 635 639 ejus
659 592 841 636 caderent,
869 591 1070 637 perpulere,
1100 596 1137 624 ut
1163 590 1254 624 sorte
1281 596 1419 623 temere

157 640 192 675 in
221 640 392 675 adversos
420 647 564 675 montes
589 651 721 685 agmen
752 640 918 683 erigeret.
971 638 1009 672 ld
1039 637 1134 671 male
1168 636 1421 671 commissum³

157 687 303 732 ignavia
331 688 490 722 hostium
524 687 558 721 in
589 687 721 722 bonum
750 687 877 730 vertit,
911 685 981 730 qui,
1012 685 1222 730 priusquam
1257 683 1303 718 ad
1337 694 1419 718 con·

155 734 295 780 jectum
341 735 403 769 teli
447 735 639 778 veniretur,
682 733 925 778 obstupefacti
966 732 1120 765 audacia
1162 731 1417 776 Romanorum,

156 782 289 816 relictis
314 782 450 827 castris,
477 792 572 827 quae
600 781 852 815 munitissimis
880 786 1067 813 tenuerant
1093 779 1191 823 locis,
1212 779 1247 812 in
1273 789 1420 812 aversas

156 828 272 864 valles
289 829 489 873 desiluere,
517 828 578 862 ubi
597 829 684 862 satis
702 827 859 873 praedae
879 833 914 860 et
934 827 1083 860 victoria
1102 826 1288 860 incruenta
1307 825 1387 858 suit.

203 876 257 910 Ita
275 875 449 910 trifariam
476 887 513 910 re
539 875 634 910 bello
662 876 754 910 bene
782 881 895 919 gesta,
916 874 962 908 de
988 873 1269 907 domesticarum
1299 883 1420 906 rerum

155 929 289 957 eventu
308 934 377 958 nec
394 924 561 958 Patribus
583 934 651 957 nec
674 922 771 968 plebi
801 934 886 956 cura
905 922 1124 955 decesserat.
1191 920 1307 954 Tanta
1333 931 1420 954 curn

154 970 279 1015 gratia,
308 977 386 1005 tum
411 977 488 1005 arte
514 975 816 1016 praeparaverant
842 969 1074 1013 feneratores,
1095 979 1189 1013 quae
1215 978 1284 1001 non
1314 967 1420 1001 modo

155 1017 315 1063 plebem,
334 1018 399 1052 sed
418 1018 538 1064 ipsum
556 1018 665 1052 etiam
694 1018 906 1051 dictatorem
933 1015 1198 1049 frustrarentur.
1250 1015 1420 1059 Namque

157 1064 335 1108 Valerius,
369 1072 448 1111 post
478 1065 619 1099 Vetusii
650 1064 808 1099 consulis
837 1063 1003 1108 reditum,
1031 1063 1194 1096 omnium
1224 1063 1422 1096 actionum⁴

156 1111 193 1146 in
227 1119 355 1146 senatu
388 1113 545 1157 primam
580 1112 705 1146 habuit
743 1123 803 1157 pro
846 1112 979 1144 victore
1021 1109 1164 1155 populo,
1200 1109 1419 1155 rettulitque,

157 1158 244 1204 quid
262 1158 308 1192 de
326 1160 431 1193 nexis
448 1159 524 1193 fieri
543 1159 714 1204 placeret.
765 1158 867 1195 Quae
894 1168 979 1191 cum
1006 1156 1141 1202 rejecta
1168 1156 1292 1190 relatio
1311 1155 1419 1202 esset,

160 1206 262 1240 ‘Non
280 1205 431 1250 placeo,’
452 1206 577 1250 inquit,
600 1204 835 1238 ‘concordiae
861 1210 996 1238 auctor.
1047 1203 1233 1249 Optabitis,
1254 1214 1314 1237 me
1340 1202 1422 1238 dius

158 1251 294 1296 fidius,⁵
319 1252 530 1298 propediem
565 1257 603 1286 ut
636 1252 710 1286 mei
743 1251 884 1285 similes
911 1251 1073 1286 Romana
1102 1250 1228 1295 plebes
1255 1257 1423 1295 patronos

158 1299 304 1334 habeat.
355 1299 459 1337 Quod
486 1299 531 1333 ad
558 1310 620 1333 me
647 1299 786 1343 attinet,
816 1309 936 1343 neque
971 1297 1166 1331 frustrabor
1194 1297 1288 1332 ultra
1321 1297 1422 1332 cives

159 1357 272 1387 meos,
292 1357 411 1391 neque
431 1346 508 1391 ipse
525 1345 656 1380 frustra
681 1345 833 1379 dictator
858 1357 928 1379 ero.
981 1344 1190 1379 Discordiae
1217 1345 1420 1391 intestinae,

158 1393 299 1428 bellum
317 1400 510 1428 externum
528 1392 660 1436 fecere,
675 1399 712 1427 ut
731 1392 798 1426 hoo
817 1393 1030 1437 magistratu
1049 1398 1173 1436 egeret
1192 1391 1421 1436 respublica.

160 1441 237 1476 Pax
263 1439 348 1475 foris
375 1447 477 1486 parta
504 1446 570 1485 est,
598 1439 694 1474 domi
722 1440 927 1484 impeditur.
980 1439 1144 1473 Privatus
1169 1439 1287 1484 potius
1311 1450 1424 1484 quam

161 1488 312 1522 dictator
341 1487 507 1522 seditioni
538 1487 718 1523 interero.5
771 1487 824 1521 Ita
853 1487 951 1520 curia
980 1497 1147 1531 egressus
1174 1486 1354 1520 dictatura
1384 1497 1423 1520 se

160 1534 359 1569 abdicavit.
409 1534 585 1579 Apparuit
611 1545 721 1567 causa
747 1533 857 1579 plebi,
880 1545 980 1567 suam
1011 1532 1146 1567 vicem⁶
1171 1532 1423 1576 indignantem

161 1581 375 1626 magistratu
401 1581 532 1615 abisse.
585 1582 711 1626 Itaque
738 1581 837 1614 velut
864 1580 1046 1625 persoluta
1067 1579 1149 1623 fide,
1170 1580 1342 1625 quoniam
1359 1590 1425 1625 per

162 1640 249 1663 eum
279 1640 348 1662 non
378 1629 565 1673 stetisset,⁷
594 1629 678 1673 quin
714 1634 965 1673 praestaretur,
996 1626 1240 1661 decedentem
1273 1626 1425 1661 domum

162 1687 248 1710 cum
266 1675 388 1710 favore
407 1687 450 1710 ac
469 1675 635 1710 laudibus
654 1674 833 1720 prosecuti
852 1680 946 1708 sunt.

164 1761 171 1767 ,
212 1726 267 1757 32.
302 1723 426 1757 Timor
451 1723 536 1757 inde
564 1723 690 1756 Patres
716 1722 874 1765 incessit,
902 1733 958 1766 ne,
987 1720 1015 1756 si
1041 1719 1217 1755 dimissus
1243 1720 1426 1755 exercitus

163 1769 266 1815 foret,
286 1781 407 1805 rursus
432 1776 558 1804 coetus
583 1768 717 1803 occulti
742 1768 1080 1814 conjurationesque
1106 1767 1246 1802 fierent.
1297 1768 1424 1813 Itaque

164 1828 389 1864 quamquam
421 1828 486 1863 per
517 1816 733 1851 dictatorem
766 1815 932 1850 delectus
963 1814 1112 1850 habitus
1144 1821 1252 1861 esset,
1287 1821 1423 1862 tamen,

205 1946 216 1964 ²
229 1944 420 1984 According
435 1951 470 1975 to
487 1944 507 1975 i.
525 1946 576 1981 35,
596 1954 632 1975 as
648 1943 748 1974 much
764 1953 800 1974 as
820 1946 827 1960 ⁸
839 1954 859 1974 a
879 1943 972 1982 place
990 1943 1100 1975 where
1118 1943 1159 1974 he
1176 1942 1284 1983 might
1301 1950 1390 1974 erect
1406 1953 1426 1974 a

166 1991 238 2017 seat
252 1992 286 2015 to
302 1995 358 2016 see
374 1985 481 2016 from.⁷

205 2026 218 2044 ²
232 2025 278 2055 At
296 2024 352 2055 the
368 2031 501 2063 present
518 2023 582 2062 day
599 2023 739 2054 Velletri
761 2023 787 2054 is
804 2034 823 2055 a
838 2023 1064 2054 considerable
1081 2030 1171 2054 town
1188 2023 1221 2053 in
1239 2022 1294 2053 the
1312 2023 1424 2054 States

167 2064 204 2096 of
221 2064 278 2095 the
293 2064 441 2100 Church,
461 2071 710 2102 twenty-seven
728 2063 856 2094 Roman
875 2064 970 2094 miles
987 2063 1085 2094 south
1102 2063 1139 2094 of
1158 2063 1275 2094 Rome.

206 2106 218 2124 ³
235 2109 242 2121 ‘
256 2105 341 2136 This
357 2105 421 2136 bad
441 2104 651 2144 beginning:'
679 2115 728 2135 res
751 2106 832 2135 male
851 2105 1070 2140 committitur,
1099 2107 1160 2134 ‘an
1182 2102 1274 2134 affair
1295 2102 1323 2133 is
1345 2101 1423 2133 mis-

168 2145 329 2184 managed
346 2152 378 2175 at
395 2145 450 2175 the
468 2145 777 2175 cornmencement.’

207 2186 220 2204 ⁴
231 2184 325 2254 Ala-tio
341 2185 368 2216 is
381 2185 574 2255 somftirnes
591 2184 671 2215 used
688 2183 736 2215 for
751 2194 769 2215 a
784 2184 935 2223 proposal
948 2194 984 2215 or
999 2183 1124 2215 motion
1141 2183 1174 2214 in
1188 2182 1244 2214 the
1257 2187 1373 2213 senate
1389 2191 1426 2213 or

169 2226 546 2302 pofllilgiiizzslgiiibtg'me
559 2265 668 2294 hercle.
714 2263 776 2295 See
794 2265 928 2304 Zumpt,
948 2264 965 2297 ᾖ
982 2266 1051 2295 361.

207 2303 221 2321 ⁶
234 2303 397 2343 Compare
413 2305 433 2335 i.
451 2307 480 2340 9,
500 2314 530 2342 p.
549 2307 600 2340 29,
620 2310 695 2334 note
708 2306 737 2334 2.

209 2344 221 2362 ⁷
233 2342 309 2375 Stat
317 2355 451 2418 gigante,
474 2347 481 2360 ‘
494 2344 518 2375 it
534 2344 562 2375 is
578 2344 611 2375 in
626 2354 682 2383 my
697 2345 835 2383 power,’
857 2347 865 2361 ⁴
877 2350 962 2376 rests
984 2352 1073 2383 upon
1087 2343 1165 2374 me!
