1539 2508
145 50 222 87 144
683 64 719 90 T.
749 64 863 90 mvn.

141 146 187 170 ac
204 141 442 182 protatantem
464 137 592 181 ingens
609 138 663 172 vis
681 139 796 173 morbi
821 138 949 174 adorta
970 145 1025 174 est
1050 138 1241 175 debilitate
1266 139 1402 176 subita.

142 183 248 218 Tunc
281 184 470 218 enimvero
497 184 648 220 deorum
675 185 727 219 ira
752 185 952 220 admonuit.
1005 186 1140 222 Fessus
1165 186 1274 232 igitur
1299 188 1408 224 malis

119 243 123 247 ’
143 232 347 276 praeteritis
366 231 669 278 instantibusque,
684 233 834 267 consilio
847 234 1124 280 propinquorum
1145 234 1310 270 adhibito
1321 247 1407 271 cum

143 277 221 312 visa
239 286 349 324 atque
367 278 491 312 audita
511 287 546 313 et
565 280 797 315 obversatum
819 282 952 315 totiens
972 292 1097 316 somno
1122 282 1266 327 Jovem,
1287 283 1409 318 minas

143 325 287 371 irasque
305 325 486 360 coelestes
506 335 794 371 repraesentatas
811 329 956 363 casibus
975 329 1048 363 suis
1066 330 1305 375 exposuisset,
1325 341 1408 365 oon-

143 384 252 407 sensu
273 373 356 407 inde
377 372 471 407 haud
493 373 603 408 dubio
621 376 795 421 omnium,
816 376 876 420 qui
895 376 1055 420 aderant,
1075 377 1110 410 in
1126 376 1241 411 sorum
1260 377 1305 412 ad
1325 388 1408 412 con-

144 419 243 454 sules
262 420 391 454 lectica
409 420 581 455 defertur.
634 421 722 456 Inde
739 423 924 457 incuriam
943 422 1044 469 jussu
1059 424 1249 458 consulum
1263 423 1408 460 delatus

143 467 275 501 eadem
296 467 355 501 illa
381 480 467 502 eum
495 468 660 503 Patribus
686 470 823 514 ingenti
850 473 1014 504 omnium
1040 470 1280 506 admiratione
1306 484 1408 507 enar-

143 520 268 560 rasset,
289 526 377 549 ecce
395 515 494 550 aliud
516 516 751 551 miraculum:
780 518 840 562 qui
868 518 1012 563 captus¹
1038 517 1209 553 omnibus
1232 519 1410 555 membris

143 561 288 596 delatus
319 563 351 596 iu
383 563 522 597 curiam
552 570 660 609 esset,
688 576 774 599 eum
810 564 975 600 functum
1002 564 1122 600 officio
1150 565 1310 612 pedibus
1335 567 1410 602 suis

143 608 294 643 domum
315 609 453 644 redisse
473 611 645 646 traditum
666 612 865 646 memoriae
885 619 953 646 est.

191 659 246 691 37.
284 657 375 692 Ludi
410 670 520 703 quarn
555 659 772 705 amplissimi
809 666 845 694 ut
879 659 1021 705 fierent,
1050 665 1200 694 senatus
1232 660 1408 696 decrevit.

143 703 200 738 Ad
236 715 298 738 eos
333 705 437 739 ludos
472 713 619 740 auctore
656 708 755 742 Attio
793 707 898 741 Tullo
933 708 988 741 vis
1028 719 1162 753 magna
1195 706 1410 744 Volscorum

144 751 252 785 veuit.
323 753 536 798 Priusquam
576 755 891 789 committerentur
931 754 1019 799 ludi,
1054 754 1191 799 Tullus,
1226 762 1265 790 ut
1305 755 1406 791 domi

143 800 384 844 compositum
419 812 504 835 cum
539 801 681 835 Marcio
715 801 844 846 suerat,
879 801 924 836 ad
959 802 1130 837 consules
1163 802 1287 848 venit3
1322 802 1409 838 dicit

143 856 225 880 esse
243 858 338 891 quae
366 855 505 882 secreto
531 860 641 893 agere
660 849 706 882 de
727 849 913 894 republica
931 849 1031 884 velit.
1082 849 1240 885 Arbitris
1259 850 1410 885 remotis

145 892 330 939 ‘Invitus’
352 895 474 940 inquit,
499 896 610 941 ‘quod
638 897 786 941 sequius
812 897 884 941 sit‚²
909 895 956 931 de
982 897 1077 931 meis
1103 897 1246 932 civibus
1272 897 1408 944 loquor,

142 951 212 974 non
244 947 366 976 tamen
402 942 606 977 admissum
642 945 838 990 quicquam
873 943 920 979 ab
954 944 998 978 iis
1026 945 1260 979 criminatum
1291 945 1409 990 venio,

143 987 206 1022 sed
243 998 402 1034 cautum,
440 1001 486 1024 ne
515 990 721 1025 admittant.
773 992 896 1026 Nimio
927 992 1009 1037 plus
1035 1003 1147 1036 quam
1177 991 1301 1037 velim,
1330 1003 1410 1026 nos-

142 1043 274 1070 trorum
307 1037 452 1081 ingenia
480 1045 563 1072 sunt
591 1038 763 1073 mobilia:
800 1039 926 1073 multis
956 1038 991 1073 id
1020 1039 1187 1074 cladibus
1214 1039 1408 1085 sensimus,

141 1083 277 1128 quippe
296 1084 357 1129 qui
377 1096 446 1119 non
466 1093 584 1119 nostro
614 1086 753 1129 merito,
780 1085 844 1120 sed
873 1093 993 1120 vestra
1011 1086 1189 1132 patientia
1206 1086 1412 1121 incolumes

142 1130 288 1164 simus.³
348 1131 486 1177 Magna
519 1132 578 1166 hic
612 1144 708 1167 nunc
742 1132 955 1168 Volscorum
992 1132 1188 1168 multitudo
1221 1139 1296 1178 est;
1334 1133 1412 1168 ludi

141 1184 246 1219 sunt;
288 1179 499 1224 spectaculo
534 1180 672 1214 intenta
705 1180 834 1214 civitas
872 1181 951 1215 erit.
1019 1180 1178 1215 Memini
1219 1180 1306 1226 quid
1347 1191 1412 1226 per

141 1225 298 1260 eandem
332 1226 567 1261 occasionem
601 1227 648 1262 ab
681 1227 895 1262 Sabinorum
927 1228 1119 1274 juventute
1151 1228 1188 1262 in
1222 1227 1292 1262 hac
1320 1228 1411 1263 urbe

140 1273 378 1308 commissum
414 1274 487 1309 sit.⁴
552 1274 678 1309 Horret
719 1275 873 1320 animus,
908 1287 954 1310 ne
995 1275 1083 1321 quid
1124 1274 1326 1310 inconsulte
1366 1286 1412 1310 ac

141 1324 282 1354 temere
315 1321 388 1355 fiat.
456 1321 558 1356 Haec.
591 1330 712 1356 nostra
745 1329 938 1368 vestraque
971 1333 1082 1357 causa
1118 1323 1217 1368 prius
1252 1321 1412 1357 dicenda

142 1367 253 1412 vobis,
285 1368 464 1412 consules,
496 1375 593 1403 ratus
622 1381 714 1404 sum.
766 1369 869 1407 Quod
895 1369 942 1404 ad
968 1381 1028 1404 me
1057 1370 1196 1414 attinet,
1224 1369 1410 1416 extemplo

139 1413 225 1449 hinc
251 1414 400 1450 domurn
428 1416 527 1450 abire
555 1416 590 1450 in
616 1417 739 1451 animo
765 1423 831 1462 est,
851 1428 897 1451 ne
923 1416 1027 1463 cujus
1052 1417 1138 1452 facti
1164 1417 1301 1452 dictive
1326 1428 1410 1452 con-

139 1462 284 1507 tagione
303 1475 477 1508 praesens
495 1463 630 1497 violer!
683 1464 944 1499 Haeclocutus
969 1464 1072 1499 abiit.
1122 1464 1298 1500 Consules
1323 1476 1409 1500 cum

138 1509 185 1543 ad
212 1510 339 1544 Patres
366 1522 439 1545 rem
468 1510 618 1546 dubiam
646 1512 713 1546 sub
738 1518 885 1546 auctore
912 1518 1011 1546 certo
1036 1511 1262 1558 detulissent,
1283 1519 1409 1547 auctor

138 1557 265 1603 magis,
288 1564 324 1592 ut
343 1558 391 1602 fit,
411 1570 521 1604 quam
542 1570 599 1593 res
620 1558 666 1593 ad
693 1559 987 1605 praecavendum
1015 1559 1071 1594 vel
1099 1570 1146 1594 ex
1171 1561 1408 1606 supervacuo⁵

138 1631 235 1670 tivity
252 1631 289 1662 of
307 1631 362 1662 the
381 1631 492 1671 Deity‚
514 1633 589 1664 here
611 1637 618 1649 ⁴
632 1644 722 1664 more
741 1633 872 1669 visible,
892 1644 982 1664 more
1000 1633 1145 1670 evident,
1166 1633 1314 1672 plainer.'
1361 1633 1407 1664 So

137 1671 332 1703 afterwards
350 1680 609 1713 repraesentatus
627 1674 654 1705 is
673 1673 754 1704 used
770 1674 807 1704 of
825 1673 895 1704 that
912 1673 1022 1705 which
1039 1673 1067 1705 is
1083 1674 1227 1714 brought
1244 1683 1278 1706 to
1305 1673 1403 1714 light,

138 1712 308 1744 exhibited
327 1714 369 1751 by
389 1714 442 1743 the
461 1712 894 1754 Deityzpraesenssoclus.

180 1754 188 1770 ¹
209 1756 215 1768 ⁸
232 1753 346 1788 Lame,
366 1764 402 1784 or
419 1753 554 1791 lamed,‘
574 1754 684 1786 which
707 1755 735 1786 is
758 1754 815 1786 the
838 1764 956 1794 proper
971 1753 1128 1794 meaning
1149 1753 1188 1785 of
1203 1755 1317 1786 debilis
1341 1754 1404 1786 and

137 1794 287 1824 debilitas
305 1793 385 1824 also.

177 1833 190 1851 ²
203 1832 350 1872 Sequior,
372 1841 488 1865 neuter
503 1836 637 1875 sequius
650 1834 795 1872 (derived
810 1834 891 1866 from
903 1835 1018 1874 sequi),
1035 1844 1150 1866 means
1161 1834 1193 1865 in
1208 1834 1307 1866 Latin
1322 1845 1362 1866 an
1389 1854 1401 1861 -

137 1872 232 1912 thing
251 1873 359 1904 which
378 1874 405 1904 is
422 1882 477 1905 not
502 1886 539 1906 so
562 1876 647 1915 good
670 1886 705 1906 or
721 1883 777 1906 not
795 1885 832 1906 so
849 1883 964 1914 strong
980 1885 1016 1905 as
1032 1874 1223 1914 something
1238 1874 1329 1906 else:
1367 1885 1406 1907 or

136 1913 303 1952 example,
329 1916 458 1953 sequior
479 1927 588 1952 sexus,
612 1916 688 1947 ‘the
712 1916 849 1947 weaker
872 1914 1015 1951 (female)
1039 1915 1125 1952 sex‚'
1152 1914 1232 1946 here
1254 1917 1399 1955 sequius,

140 1957 147 1970 ¹
160 1953 296 1989 hurtful,
317 1954 532 1993 prejudicial.'

176 1994 188 2012 ⁸
201 1995 234 2025 A
250 1994 460 2034 humiliating
476 1995 661 2027 confession
679 1997 762 2028 from
777 2007 796 2028 a
809 1995 928 2028 hostile
941 1994 1062 2027 leader.
1100 1994 1175 2026 The
1183 1995 1297 2040 „whole
1310 2001 1403 2036 story

135 2044 249 2065 serves
265 2045 300 2065 as
317 2045 357 2065 an
374 2034 595 2066 introduction
612 2044 644 2067 to
659 2044 751 2076 great
768 2037 981 2068 missortunes
997 2035 1106 2067 which
1131 2035 1229 2067 belell
1251 2035 1307 2080 the
1332 2035 1399 2067 Ro-

136 2084 250 2111 mans;
277 2075 339 2106 and
358 2075 379 2105 it
397 2075 424 2106 is
443 2076 572 2114 worthy
587 2076 624 2107 of
635 2078 742 2108 notice
759 2078 829 2108 that
847 2077 924 2108 here
941 2077 997 2107 the
1017 2075 1205 2107 traditional
1226 2075 1354 2116 hlstory
1369 2076 1406 2107 of

137 2114 245 2146 Rome
263 2116 399 2154 permits
416 2115 510 2146 itself
521 2116 569 2147 for
584 2127 665 2147 once
683 2125 716 2148 to
732 2117 971 2157 acknowledge
987 2116 1059 2148 that
1078 2116 1220 2148 Rome's
1241 2126 1354 2148 career
1368 2114 1405 2148 of

134 2155 262 2194 victory
280 2166 348 2186 was
366 2163 420 2186 not
437 2156 699 2195 uninterrupted.

175 2198 186 2214 ⁴
201 2195 264 2226 See
282 2196 312 2227 ii.
333 2199 381 2232 18,
401 2197 474 2228 init.

175 2237 187 2255 ⁵
203 2240 210 2252 ⁴
227 2236 322 2267 Even
346 2237 378 2267 in
405 2248 424 2268 a
449 2237 658 2275 superfluous
685 2248 720 2268 or
746 2248 970 2277 unnecessary
992 2237 1153 2282 manner,'
1179 2249 1216 2268 ex
1236 2235 1320 2268 with
1341 2235 1398 2267 the

135 2283 253 2308 neuter
267 2276 306 2307 of
323 2276 378 2308 the
395 2277 557 2316 adjective
575 2278 673 2317 being
696 2278 778 2309 used
801 2289 836 2309 as
858 2289 878 2309 a
899 2277 1171 2310 circumlocunon
1192 2276 1243 2309 for
1263 2276 1321 2309 the
1341 2275 1397 2308 ad-

134 2317 234 2354 verb;
260 2316 308 2348 for
323 2317 488 2357 example,
507 2329 544 2349 ex
559 2319 741 2359 improviso,
762 2330 798 2350 ez
814 2320 988 2360 insperato,
1008 2329 1044 2349 ez·
1058 2319 1235 2359 composito.
