1523 2476
99 70 153 108 60
637 83 673 109 T.
703 83 815 109 mvn.

96 156 274 202 homines,
309 168 394 191 eum
430 161 564 190 statum
599 167 730 201 rerum,
759 156 817 202 qui
853 155 918 191 sub
950 156 1073 192 Numa
1107 168 1192 202 rege
1221 155 1348 203 fuerat,

97 206 331 251 requirentes,
359 215 466 238 unam
498 215 604 248 opem
634 205 753 248 aegris
782 203 989 249 corporibus
1019 204 1193 248 relictam,
1222 204 1252 238 si
1279 216 1350 250 pax

95 253 277 297 veniaque
296 253 342 285 ab
361 251 432 284 diis
457 250 650 295 impetrata
676 258 782 296 esset,
811 250 1022 285 credebant.
1075 251 1196 296 Ipsum
1224 262 1347 295 regem

95 299 239 333 tradunt
267 299 472 332 volventem
501 298 779 331 commentarios
805 298 959 342 Numae,
979 309 1062 332 cum
1091 298 1140 332 ibi
1166 299 1347 344 quaedam

94 346 236 380 occulta
278 344 469 379 sollemnia
511 345 686 378 sacrificia
718 345 797 379 Jovt
842 345 956 379 Elicio
1000 344 1096 379 facta
1139 345 1345 389 invenisset,

94 394 294 438 operatum¹
323 392 379 425 his
405 391 517 425 sacris
542 403 581 424 se
607 392 814 435 abilidisse3
848 391 911 426 sed
940 403 1007 425 non
1037 392 1101 426 rite
1129 392 1257 426 initum
1285 398 1348 425 aut

94 447 259 474 curatum
295 439 328 472 id
363 449 508 472 sacrum
550 450 642 478 esse,
677 450 745 472 nec
787 438 903 472 solum
944 438 1079 473 nullam
1117 439 1150 472 ei
1185 438 1346 472 oblatam

93 487 308 521 coelestium
339 485 513 531 speciem,
542 485 606 519 sed
635 487 684 519 ira
710 486 810 521 Jovis
831 485 1010 519 sollicitati
1036 497 1147 531 prava
1173 485 1346 530 religione

93 533 246 568 fulmine
265 533 377 567 ictum
397 543 480 566 cum
509 532 616 566 domo
634 533 888 577 conflagrasse.
939 532 1068 567 Tullus
1084 543 1218 577 magna
1234 532 1347 577 gloria

92 580 178 615 belli
199 582 360 625 regnavit
379 591 492 613 annos
509 580 600 614 duos
618 586 653 614 et
672 581 827 625 triginta.

142 631 197 661 32.
224 627 368 661 Mortuo
402 626 507 660 Tullo
543 638 607 672 τες,
634 633 672 661 ut
706 627 912 662 institutum
941 626 1017 672 jam
1046 625 1131 661 inde
1164 626 1211 660 ab
1245 626 1346 660 initio

92 681 179 720 erat,
215 673 262 708 ad
297 674 423 708 Patres
457 673 624 718 redierat7
660 675 769 720 hique
805 675 1023 718 interregem
1059 673 1344 707 nominaverant.

93 722 172 760 Quo
221 722 369 756 comitia
410 720 569 755 habente
611 724 756 756 Ancum
798 721 981 755 Marcium
1024 732 1148 765 regem
1191 720 1346 765 populus

92 769 250 813 creavit3
302 769 427 803 Patres
465 768 567 802 suere
608 776 787 803 auctores.
854 769 999 803 Numae
1041 767 1209 812 Pompilii
1250 768 1346 811 regis

91 827 214 862 nepos,
250 815 325 850 fitia
357 822 465 860 ortus,
501 817 626 850 Ancus
658 816 821 850 Marcius
854 816 958 849 erat.²
1017 814 1087 853 Qui
1124 820 1160 848 ut
1195 825 1345 859 regnare

91 864 222 909 coepit,
259 868 295 896 et
328 863 450 897 avitae
483 862 620 906 gloriae
654 874 805 908 memor,
841 871 877 896 et
910 862 996 907 quia
1027 861 1233 906 proximum
1268 872 1345 906 reg-

91 922 190 955 num,
210 910 346 944 cetera³
372 911 569 954 egregium,
597 909 644 943 ab
670 921 741 943 una
767 915 869 955 parte
895 908 991 943 haud
1021 908 1108 942 satis
1134 918 1345 953 prosperum

90 958 219 1002 suerat,
254 963 316 991 aut
350 956 527 1001 neglectis
562 956 797 1001 religionibus
838 963 900 990 aut
943 966 1052 1001 prave
1086 955 1203 998 cultis,
1239 954 1346 1000 longe

91 1004 387 1050 antiquissimum
424 1010 520 1037 ratus
555 1015 658 1037 sacra
692 1003 848 1048 publica,
877 1009 916 1037 ut
944 1002 991 1037 ab
1024 1002 1148 1036 Numa
1181 1002 1346 1036 instituta

91 1060 204 1094 erant,
225 1051 357 1096 facere,
378 1051 499 1084 omnia
526 1061 569 1084 ea
595 1062 642 1084 ex
667 1050 941 1084 commentariis
966 1049 1062 1093 regis
1079 1049 1288 1094 pontificem
1308 1049 1344 1083 in

90 1099 230 1134 album⁴
256 1098 368 1132 relata
396 1109 592 1143 proponere
622 1097 656 1131 in
686 1097 831 1142 publico
859 1096 973 1141 jubet.
1024 1095 1112 1130 Inde
1141 1101 1176 1129 et
1205 1095 1348 1130 civibus

90 1147 152 1180 otii
181 1145 323 1191 cupidis
348 1151 383 1179 et
411 1144 572 1178 finitimis
596 1144 804 1178 civitatibus
826 1143 922 1177 facta
949 1154 1042 1188 spes,
1071 1142 1107 1176 in
1135 1142 1195 1176 avi
1228 1153 1348 1176 mores

90 1199 200 1238 atque
227 1193 389 1227 instituta
416 1203 538 1236 regem
564 1191 759 1225 abiturum.
810 1190 921 1235 Igitur
947 1190 1072 1235 Latini,
1103 1200 1186 1223 cum
1216 1189 1349 1234 quibus

90 1240 196 1275 Tullo
232 1246 403 1284 regnante
438 1239 551 1272 ictum
579 1237 714 1272 'foedus
747 1244 834 1281 erat,
863 1237 1081 1271 sustulerant
1113 1236 1277 1281 animos3
1311 1242 1347 1270 et

90 1299 174 1322 cum
195 1287 437 1321 incursionem
462 1285 493 1319 in
521 1296 645 1329 agrum
672 1285 875 1319 Romanum
896 1284 1079 1327 fecissent,
1099 1283 1349 1328 repetentibus

91 1346 148 1369 res
165 1334 335 1368 Romanis
352 1332 506 1378 superbe
526 1343 738 1377 responsum
767 1331 929 1376 reddunt,
949 1330 1116 1365 desidem
1141 1330 1348 1365 Romanum

90 1392 215 1425 regern
234 1381 328 1415 inter
346 1379 480 1414 sacella
498 1386 533 1413 et
554 1390 636 1413 aras
660 1385 829 1413 acturum
855 1389 936 1413 esse
963 1388 1114 1422 regnum
1139 1377 1214 1410 rati.
1265 1377 1347 1411 Me-

89 1428 192 1462 dium
211 1434 287 1461 erat
311 1428 347 1461 in
373 1428 474 1460 Anco
502 1426 697 1471 ingenium,
718 1433 753 1460 et
781 1426 926 1460 Numae
953 1431 989 1459 et
1014 1423 1157 1459 Romuli
1182 1435 1346 1468 memor3

90 1480 127 1509 et
156 1482 411 1520 praeterquam
440 1473 534 1518 quod
568 1473 626 1506 avi
661 1484 770 1517 regno
805 1472 923 1517 magis
955 1471 1199 1506 necessariam
1234 1471 1345 1505 fuisse

88 1533 221 1567 pacem
239 1521 411 1555 credebat
429 1532 513 1554 cum
533 1520 566 1554 in
593 1531 684 1554 novo
713 1528 784 1554 tum
811 1519 921 1553 feroci
946 1518 1087 1564 popu10‚
1108 1518 1229 1563 etiam,
1249 1517 1346 1563 quod

89 1569 142 1603 illi
171 1569 380 1613 contigisset
410 1568 534 1611 otium,
566 1568 642 1601 sine
672 1566 814 1612 injuria⁵
842 1566 877 1600 id
911 1577 950 1600 se
980 1564 1076 1600 haud
1106 1564 1216 1599 facile
1245 1565 1345 1599 habi-

89 1621 232 1650 turum:
268 1615 436 1661 temptari
466 1615 678 1660 patientiam
713 1620 749 1647 et
783 1620 998 1659 temptatam
1027 1612 1220 1657 contemni,
1254 1618 1347 1646 tem-

89 1674 247 1708 poraque
275 1674 355 1696 esse
382 1661 487 1696 Tullo
517 1662 592 1706 regi
621 1661 757 1706 aptiora
784 1672 897 1706 quam
924 1661 1081 1694 Numae.
1131 1659 1179 1693 Ut
1209 1665 1343 1704 tamen,

130 1762 140 1778 ¹
155 1759 229 1790 The
246 1759 372 1797 supine.
423 1758 562 1798 Operari
576 1758 603 1788 is
621 1758 675 1788 the
692 1767 809 1796 proper
822 1756 912 1788 word
926 1755 975 1787 for
991 1756 1046 1786 the
1063 1755 1288 1794 performance
1304 1755 1343 1787 of

89 1799 245 1838 religious
262 1799 353 1833 rites,
373 1798 561 1835 equivalent
578 1804 611 1827 to
627 1798 845 1836 socrasacere.

131 1840 143 1857 ²
158 1839 221 1870 See
239 1839 258 1869 i.
276 1841 325 1868 20.
370 1838 445 1867 The
462 1837 525 1868 fact
543 1837 620 1867 here
638 1836 827 1867 mentioned
844 1836 871 1867 is
887 1842 942 1866 not
959 1835 1204 1874 unimportant3
1228 1835 1277 1866 for
1292 1846 1343 1866 we

93 1890 149 1910 see
168 1879 236 1909 that
254 1879 309 1909 the
326 1877 397 1908 four
413 1877 483 1907 first
502 1877 598 1915 kings
615 1876 652 1907 of
670 1876 777 1907 Rome
795 1886 881 1906 were
899 1875 1023 1906 chosen
1047 1875 1243 1914 alternately
1260 1875 1343 1906 from

89 1919 146 1950 the
163 1918 300 1958 original
319 1917 415 1948 Latin
432 1916 622 1956 population
635 1916 697 1947 and
710 1916 793 1946 from
812 1916 866 1947 the
884 1915 1036 1952 Sabines,
1050 1916 1126 1946 who
1144 1926 1229 1946 were
1245 1915 1342 1946 aster-

90 1959 198 1990 wards
214 1957 329 1990 added.

130 2002 142 2018 ³
155 1998 355 2037 Equivalent
372 2004 405 2027 to
422 1998 456 2027 in
471 1998 595 2027 ceteris.
641 1995 716 2026 The
733 1996 938 2026 accusatives
954 2001 1054 2026 cetera
1071 1995 1134 2026 and
1150 1997 1274 2034 reliqua
1289 2005 1343 2026 are

90 2039 172 2070 used
197 2037 401 2076 abverbially
418 2037 449 2067 in
473 2036 529 2066 the
552 2046 648 2066 sense
673 2035 709 2066 of
726 2038 808 2074 quod
830 2038 872 2066 ad
893 2042 994 2066 cetera
1016 2037 1145 2071 attinet,
1175 2035 1226 2066 ‘in
1249 2035 1345 2066 other

90 2079 261 2117 respects.’
299 2077 383 2108 This
397 2076 590 2115 peculiarity
602 2076 634 2106 in
648 2076 703 2106 the
718 2086 775 2106 use
790 2075 827 2106 of
838 2077 893 2106 the
907 2075 1095 2106 accusative
1108 2085 1184 2105 case
1200 2075 1228 2105 is
1243 2074 1344 2106 found

90 2120 123 2150 in
139 2131 157 2150 a
173 2119 237 2149 few
253 2117 473 2156 expressions.
519 2116 583 2146 See
604 2116 725 2151 Gram.‚
745 2115 761 2148 ὖ
776 2119 848 2151 259,
867 2119 897 2150 2,
918 2122 994 2145 note
1011 2118 1039 2145 2.

127 2163 139 2180 ⁴
156 2160 281 2193 Album,
305 2163 312 2173 ‘
325 2168 343 2188 a
358 2156 524 2187 whitened
543 2156 669 2190 tablet‚’
689 2166 731 2186 on
748 2156 856 2186 which
868 2166 935 2186 was
950 2155 1081 2185 written
1093 2153 1262 2184 whatever
1274 2164 1344 2185 was

89 2205 125 2230 to
140 2199 181 2229 be
199 2198 292 2229 made
309 2197 453 2236 publicly
471 2196 604 2232 known,
625 2195 786 2226 therefore
803 2195 970 2235 generally
991 2199 1029 2225 ‘a
1043 2193 1217 2232 published
1234 2193 1313 2225 list!

131 2240 144 2258 ⁵
159 2242 167 2255 ⁶
184 2238 337 2269 Without
360 2237 522 2273 damage.y
568 2235 699 2276 Injuria
722 2235 749 2266 is
772 2235 850 2267 here
873 2235 955 2267 used
977 2234 1010 2265 in
1032 2245 1051 2265 a
1075 2233 1206 2273 passive
1231 2243 1341 2271 sense,

95 2282 104 2294 ⁴
116 2277 267 2317 injustice
283 2285 317 2309 to
334 2279 374 2309 be
391 2277 513 2308 borne)
