<?xml version="1.0" encoding="UTF-8"?>
<!DOCTYPE html PUBLIC "-//W3C//DTD XHTML 1.0 Transitional//EN"
    "http://www.w3.org/TR/xhtml1/DTD/xhtml1-transitional.dtd">
<html xmlns="http://www.w3.org/1999/xhtml" xml:lang="en" lang="en">
 <head>
  <title>
</title>
<meta http-equiv="Content-Type" content="text/html;charset=utf-8" />
  <meta name='ocr-system' content='tesseract 3.04.00' />
  <meta name='ocr-capabilities' content='ocr_page ocr_carea ocr_par ocr_line ocrx_word'/>
</head>
<body>
  <div class='ocr_page' id='page_1' title='image "./historiarumlibri00livyuoft_0141.png"; bbox 0 0 1507 2492; ppageno 0'>
   <div class='ocr_carea' id='block_1_1' title="bbox 659 141 1399 178">
    <p class='ocr_par' dir='ltr' id='par_1_1' title="bbox 659 141 1399 178">
     <span class='ocr_line' id='line_1_1' title="bbox 659 141 1399 178; baseline 0.001 -2"><span class='ocrx_word' id='word_1_1' title='bbox 659 149 785 176; x_wconf 71' lang='lat' dir='ltr'>Lmen</span> <span class='ocrx_word' id='word_1_2' title='bbox 810 150 855 176; x_wconf 80' lang='lat'>11.</span> <span class='ocrx_word' id='word_1_3' title='bbox 1324 141 1399 178; x_wconf 83' lang='lat'>127</span> 
     </span>
    </p>
   </div>
   <div class='ocr_carea' id='block_1_2' title="bbox 133 223 1400 1828">
    <p class='ocr_par' dir='ltr' id='par_1_2' title="bbox 133 223 1400 1828">
     <span class='ocr_line' id='line_1_2' title="bbox 138 223 1400 271; baseline 0 -11"><span class='ocrx_word' id='word_1_4' title='bbox 138 223 229 260; x_wconf 83' lang='lat' dir='ltr'>locis</span> <span class='ocrx_word' id='word_1_5' title='bbox 242 235 445 271; x_wconf 87' lang='lat' dir='ltr'>pugnarum</span> <span class='ocrx_word' id='word_1_6' title='bbox 473 224 666 260; x_wconf 81' lang='lat' dir='ltr'>cicatrices</span> <span class='ocrx_word' id='word_1_7' title='bbox 690 224 843 259; x_wconf 89' lang='lat' dir='ltr'>adverso</span> <span class='ocrx_word' id='word_1_8' title='bbox 869 230 1014 270; x_wconf 83' lang='lat' dir='ltr'>pectore</span> <span class='ocrx_word' id='word_1_9' title='bbox 1040 223 1257 259; x_wconf 76' lang='lat' dir='ltr'>ostentabat.</span> <span class='ocrx_word' id='word_1_10' title='bbox 1308 223 1400 260; x_wconf 85' lang='lat' dir='ltr'>Scis·</span> 
     </span>
     <span class='ocr_line' id='line_1_3' title="bbox 137 271 1399 317; baseline -0.002 -9"><span class='ocrx_word' id='word_1_11' title='bbox 137 273 346 317; x_wconf 85' lang='lat' dir='ltr'>citantibus,</span> <span class='ocrx_word' id='word_1_12' title='bbox 374 272 470 307; x_wconf 86' lang='lat' dir='ltr'>unde</span> <span class='ocrx_word' id='word_1_13' title='bbox 496 272 557 306; x_wconf 90' lang='lat' dir='ltr'>ille</span> <span class='ocrx_word' id='word_1_14' title='bbox 584 272 738 315; x_wconf 76' lang='lat' dir='ltr'>habitus,</span> <span class='ocrx_word' id='word_1_15' title='bbox 766 272 862 306; x_wconf 85' lang='lat' dir='ltr'>unde</span> <span class='ocrx_word' id='word_1_16' title='bbox 888 271 1109 315; x_wconf 78' lang='lat' dir='ltr'>deformitas,</span> <span class='ocrx_word' id='word_1_17' title='bbox 1134 284 1220 306; x_wconf 91' lang='lat' dir='ltr'>cum</span> <span class='ocrx_word' id='word_1_18' title='bbox 1245 272 1399 306; x_wconf 88' lang='lat' dir='ltr'>circum-</span> 
     </span>
     <span class='ocr_line' id='line_1_4' title="bbox 137 319 1400 371; baseline 0 -17"><span class='ocrx_word' id='word_1_19' title='bbox 137 319 221 355; x_wconf 85' lang='lat' dir='ltr'>fusa</span> <span class='ocrx_word' id='word_1_20' title='bbox 239 320 344 355; x_wconf 88' lang='lat' dir='ltr'>turba</span> <span class='ocrx_word' id='word_1_21' title='bbox 361 325 459 354; x_wconf 78' lang='lat' dir='ltr'>esset</span> <span class='ocrx_word' id='word_1_22' title='bbox 486 331 596 371; x_wconf 87' lang='lat' dir='ltr'>prope</span> <span class='ocrx_word' id='word_1_23' title='bbox 624 331 658 353; x_wconf 82' lang='lat' dir='ltr'>in</span> <span class='ocrx_word' id='word_1_24' title='bbox 686 319 864 353; x_wconf 81' lang='lat' dir='ltr'>contionis</span> <span class='ocrx_word' id='word_1_25' title='bbox 889 319 1051 363; x_wconf 85' lang='lat' dir='ltr'>modum,</span> <span class='ocrx_word' id='word_1_26' title='bbox 1071 319 1202 354; x_wconf 83' lang='lat' dir='ltr'>Sabino</span> <span class='ocrx_word' id='word_1_27' title='bbox 1229 319 1324 354; x_wconf 88' lang='lat' dir='ltr'>bello</span> <span class='ocrx_word' id='word_1_28' title='bbox 1350 321 1400 354; x_wconf 89' lang='lat' dir='ltr'>ait</span> 
     </span>
     <span class='ocr_line' id='line_1_5' title="bbox 137 366 1399 412; baseline -0.001 -10"><span class='ocrx_word' id='word_1_29' title='bbox 137 377 178 402; x_wconf 84' lang='lat' dir='ltr'>se</span> <span class='ocrx_word' id='word_1_30' title='bbox 218 367 448 412; x_wconf 78' lang='lat' dir='ltr'>militantem,</span> <span class='ocrx_word' id='word_1_31' title='bbox 483 379 568 412; x_wconf 80' lang='lat' dir='ltr'>quia</span> <span class='ocrx_word' id='word_1_32' title='bbox 602 376 744 412; x_wconf 82' lang='lat' dir='ltr'>propter</span> <span class='ocrx_word' id='word_1_33' title='bbox 777 366 1029 411; x_wconf 79' lang='lat' dir='ltr'>populationes</span> <span class='ocrx_word' id='word_1_34' title='bbox 1068 368 1144 411; x_wconf 85' lang='lat' dir='ltr'>agri</span> <span class='ocrx_word' id='word_1_35' title='bbox 1177 378 1248 401; x_wconf 87' lang='lat' dir='ltr'>non</span> <span class='ocrx_word' id='word_1_36' title='bbox 1283 367 1399 401; x_wconf 82' lang='lat' dir='ltr'>fructu</span> 
     </span>
     <span class='ocr_line' id='line_1_6' title="bbox 136 395 1400 465; baseline 0 -17"><span class='ocrx_word' id='word_1_37' title='bbox 136 413 245 449; x_wconf 88' lang='lat' dir='ltr'>modo</span> <span class='ocrx_word' id='word_1_38' title='bbox 263 414 429 459; x_wconf 82' lang='lat' dir='ltr'>caruerit,</span> <span class='ocrx_word' id='word_1_39' title='bbox 448 414 513 448; x_wconf 83' lang='lat' dir='ltr'>sed</span> <span class='ocrx_word' id='word_1_40' title='bbox 533 414 643 448; x_wconf 91' lang='lat' dir='ltr'>villa</span> <span class='ocrx_word' id='word_1_41' title='bbox 636 425 785 448; x_wconf 75' lang='lat' dir='ltr'>incensa</span> <span class='ocrx_word' id='word_1_42' title='bbox 810 413 930 448; x_wconf 84' lang='lat' dir='ltr'>fuerit.</span> <span class='ocrx_word' id='word_1_43' title='bbox 949 395 1111 465; x_wconf 53' lang='lat' dir='ltr'>direptae</span> <span class='ocrx_word' id='word_1_44' title='bbox 1115 415 1247 449; x_wconf 87' lang='lat' dir='ltr'>omnia.</span> <span class='ocrx_word' id='word_1_45' title='bbox 1269 426 1400 460; x_wconf 89' lang='lat' dir='ltr'>pecora</span> 
     </span>
     <span class='ocr_line' id='line_1_7' title="bbox 135 460 1399 513; baseline 0.001 -18"><span class='ocrx_word' id='word_1_46' title='bbox 135 460 278 496; x_wconf 85' lang='lat' dir='ltr'>abacta.</span> <span class='ocrx_word' id='word_1_47' title='bbox 307 461 480 496; x_wconf 88' lang='lat' dir='ltr'>tributum</span> <span class='ocrx_word' id='word_1_48' title='bbox 512 461 633 507; x_wconf 92' lang='lat' dir='ltr'>iniquo</span> <span class='ocrx_word' id='word_1_49' title='bbox 661 472 725 495; x_wconf 88' lang='lat' dir='ltr'>suo</span> <span class='ocrx_word' id='word_1_50' title='bbox 755 462 931 513; x_wconf 83' lang='lat' dir='ltr'>ternpore&#39;</span> <span class='ocrx_word' id='word_1_51' title='bbox 963 462 1192 507; x_wconf 85' lang='lat' dir='ltr'>imperatum,</span> <span class='ocrx_word' id='word_1_52' title='bbox 1220 473 1285 496; x_wconf 84' lang='lat' dir='ltr'>aes</span> <span class='ocrx_word' id='word_1_53' title='bbox 1311 462 1399 496; x_wconf 85' lang='lat' dir='ltr'>alie-</span> 
     </span>
     <span class='ocr_line' id='line_1_8' title="bbox 136 507 1399 554; baseline 0 -12"><span class='ocrx_word' id='word_1_54' title='bbox 136 518 226 542; x_wconf 90' lang='lat' dir='ltr'>num</span> <span class='ocrx_word' id='word_1_55' title='bbox 255 507 410 553; x_wconf 82' lang='lat' dir='ltr'>fecisse3</span> <span class='ocrx_word' id='word_1_56' title='bbox 446 508 480 542; x_wconf 90' lang='lat' dir='ltr'>id</span> <span class='ocrx_word' id='word_1_57' title='bbox 512 508 739 542; x_wconf 85' lang='lat' dir='ltr'>cumulatum</span> <span class='ocrx_word' id='word_1_58' title='bbox 770 520 888 542; x_wconf 83' lang='lat' dir='ltr'>usuris</span> <span class='ocrx_word' id='word_1_59' title='bbox 918 519 1032 554; x_wconf 83' lang='lat' dir='ltr'>primo</span> <span class='ocrx_word' id='word_1_60' title='bbox 1063 520 1101 542; x_wconf 87' lang='lat' dir='ltr'>se</span> <span class='ocrx_word' id='word_1_61' title='bbox 1130 519 1216 554; x_wconf 80' lang='lat' dir='ltr'>agro</span> <span class='ocrx_word' id='word_1_62' title='bbox 1249 515 1399 554; x_wconf 80' lang='lat' dir='ltr'>paterno</span> 
     </span>
     <span class='ocr_line' id='line_1_9' title="bbox 136 555 1399 601; baseline 0.002 -12"><span class='ocrx_word' id='word_1_63' title='bbox 136 556 307 601; x_wconf 87' lang='lat' dir='ltr'>avitoque</span> <span class='ocrx_word' id='word_1_64' title='bbox 349 555 504 600; x_wconf 80' lang='lat' dir='ltr'>exuisse,</span> <span class='ocrx_word' id='word_1_65' title='bbox 547 555 682 589; x_wconf 86' lang='lat' dir='ltr'>deinde</span> <span class='ocrx_word' id='word_1_66' title='bbox 726 555 877 589; x_wconf 77' lang='lat' dir='ltr'>tortunis</span> <span class='ocrx_word' id='word_1_67' title='bbox 925 555 1027 590; x_wconf 86' lang='lat' dir='ltr'>aliis:</span> <span class='ocrx_word' id='word_1_68' title='bbox 1076 563 1257 601; x_wconf 86' lang='lat' dir='ltr'>postremo</span> <span class='ocrx_word' id='word_1_69' title='bbox 1299 556 1399 591; x_wconf 88' lang='lat' dir='ltr'>velut</span> 
     </span>
     <span class='ocr_line' id='line_1_10' title="bbox 137 602 1398 648; baseline 0.002 -12"><span class='ocrx_word' id='word_1_70' title='bbox 137 602 261 638; x_wconf 88' lang='lat' dir='ltr'>tabem</span> <span class='ocrx_word' id='word_1_71' title='bbox 289 603 500 648; x_wconf 88' lang='lat' dir='ltr'>pervenisse</span> <span class='ocrx_word' id='word_1_72' title='bbox 528 603 573 636; x_wconf 87' lang='lat' dir='ltr'>ad</span> <span class='ocrx_word' id='word_1_73' title='bbox 601 614 749 648; x_wconf 85' lang='lat' dir='ltr'>corpus:</span> <span class='ocrx_word' id='word_1_74' title='bbox 785 602 937 636; x_wconf 88' lang='lat' dir='ltr'>ductum</span> <span class='ocrx_word' id='word_1_75' title='bbox 966 614 1006 636; x_wconf 82' lang='lat' dir='ltr'>se</span> <span class='ocrx_word' id='word_1_76' title='bbox 1037 602 1084 637; x_wconf 92' lang='lat' dir='ltr'>ab</span> <span class='ocrx_word' id='word_1_77' title='bbox 1116 603 1295 637; x_wconf 82' lang='lat' dir='ltr'>creditore</span> <span class='ocrx_word' id='word_1_78' title='bbox 1330 615 1398 638; x_wconf 85' lang='lat' dir='ltr'>non</span> 
     </span>
     <span class='ocr_line' id='line_1_11' title="bbox 136 648 1399 694; baseline 0 -10"><span class='ocrx_word' id='word_1_79' title='bbox 136 648 173 684; x_wconf 88' lang='lat' dir='ltr'>in</span> <span class='ocrx_word' id='word_1_80' title='bbox 199 650 400 694; x_wconf 82' lang='lat' dir='ltr'>servitium,</span> <span class='ocrx_word' id='word_1_81' title='bbox 420 651 484 684; x_wconf 89' lang='lat' dir='ltr'>sed</span> <span class='ocrx_word' id='word_1_82' title='bbox 512 650 545 684; x_wconf 86' lang='lat' dir='ltr'>in</span> <span class='ocrx_word' id='word_1_83' title='bbox 572 649 795 694; x_wconf 81' lang='lat' dir='ltr'>ergastulum</span> <span class='ocrx_word' id='word_1_84' title='bbox 823 656 858 683; x_wconf 90' lang='lat' dir='ltr'>et</span> <span class='ocrx_word' id='word_1_85' title='bbox 884 650 1146 684; x_wconf 84' lang='lat' dir='ltr'>carniticinarn²</span> <span class='ocrx_word' id='word_1_86' title='bbox 1165 662 1257 684; x_wconf 85' lang='lat' dir='ltr'>esse.</span> <span class='ocrx_word' id='word_1_87' title='bbox 1308 650 1399 685; x_wconf 87' lang='lat' dir='ltr'>Inde</span> 
     </span>
     <span class='ocr_line' id='line_1_12' title="bbox 136 696 1397 742; baseline 0.001 -11"><span class='ocrx_word' id='word_1_88' title='bbox 136 702 320 731; x_wconf 89' lang='lat' dir='ltr'>ostentare</span> <span class='ocrx_word' id='word_1_89' title='bbox 338 704 479 742; x_wconf 82' lang='lat' dir='ltr'>tergum</span> <span class='ocrx_word' id='word_1_90' title='bbox 499 696 647 731; x_wconf 82' lang='lat' dir='ltr'>foedum</span> <span class='ocrx_word' id='word_1_91' title='bbox 674 696 883 731; x_wconf 73' lang='lat' dir='ltr'>recentibus</span> <span class='ocrx_word' id='word_1_92' title='bbox 900 697 1065 741; x_wconf 77' lang='lat' dir='ltr'>vestigiis</span> <span class='ocrx_word' id='word_1_93' title='bbox 1083 697 1289 732; x_wconf 86' lang='lat' dir='ltr'>verberum.</span> <span class='ocrx_word' id='word_1_94' title='bbox 1340 698 1397 732; x_wconf 89' lang='lat' dir='ltr'>Ad</span> 
     </span>
     <span class='ocr_line' id='line_1_13' title="bbox 137 742 1399 790; baseline 0.001 -12"><span class='ocrx_word' id='word_1_95' title='bbox 137 742 230 778; x_wconf 89' lang='lat' dir='ltr'>haec</span> <span class='ocrx_word' id='word_1_96' title='bbox 263 744 342 778; x_wconf 82' lang='lat' dir='ltr'>visa</span> <span class='ocrx_word' id='word_1_97' title='bbox 373 744 571 790; x_wconf 82' lang='lat' dir='ltr'>auditaque</span> <span class='ocrx_word' id='word_1_98' title='bbox 605 744 741 778; x_wconf 89' lang='lat' dir='ltr'>clamor</span> <span class='ocrx_word' id='word_1_99' title='bbox 776 745 905 788; x_wconf 75' lang='lat' dir='ltr'>ingens</span> <span class='ocrx_word' id='word_1_100' title='bbox 937 744 1058 778; x_wconf 80' lang='lat' dir='ltr'>oritur.</span> <span class='ocrx_word' id='word_1_101' title='bbox 1109 745 1191 778; x_wconf 84' lang='lat' dir='ltr'>Non</span> <span class='ocrx_word' id='word_1_102' title='bbox 1216 745 1291 790; x_wconf 88' lang='lat' dir='ltr'>jam</span> <span class='ocrx_word' id='word_1_103' title='bbox 1323 744 1399 779; x_wconf 88' lang='lat' dir='ltr'>foro</span> 
     </span>
     <span class='ocr_line' id='line_1_14' title="bbox 137 791 1395 837; baseline 0.001 -12"><span class='ocrx_word' id='word_1_104' title='bbox 137 801 177 825; x_wconf 76' lang='lat' dir='ltr'>ee</span> <span class='ocrx_word' id='word_1_105' title='bbox 210 792 389 826; x_wconf 86' lang='lat' dir='ltr'>tumultus</span> <span class='ocrx_word' id='word_1_106' title='bbox 421 791 608 836; x_wconf 56' lang='lat' dir='ltr'>continet?</span> <span class='ocrx_word' id='word_1_107' title='bbox 641 791 703 825; x_wconf 87' lang='lat' dir='ltr'>sed</span> <span class='ocrx_word' id='word_1_108' title='bbox 741 792 877 836; x_wconf 84' lang='lat' dir='ltr'>passim</span> <span class='ocrx_word' id='word_1_109' title='bbox 905 797 1016 825; x_wconf 87' lang='lat' dir='ltr'>totam</span> <span class='ocrx_word' id='word_1_110' title='bbox 1049 791 1176 825; x_wconf 86' lang='lat' dir='ltr'>urbem</span> <span class='ocrx_word' id='word_1_111' title='bbox 1211 793 1395 837; x_wconf 81' lang='lat' dir='ltr'>pervadit:</span> 
     </span>
     <span class='ocr_line' id='line_1_15' title="bbox 137 838 1396 884; baseline 0.001 -12"><span class='ocrx_word' id='word_1_112' title='bbox 137 838 231 883; x_wconf 79' lang='lat' dir='ltr'>nexi,</span> <span class='ocrx_word' id='word_1_113' title='bbox 263 838 376 873; x_wconf 89' lang='lat' dir='ltr'>vincti</span> <span class='ocrx_word' id='word_1_114' title='bbox 410 838 618 884; x_wconf 84' lang='lat' dir='ltr'>solutique‚⁴</span> <span class='ocrx_word' id='word_1_115' title='bbox 644 850 684 872; x_wconf 93' lang='lat' dir='ltr'>se</span> <span class='ocrx_word' id='word_1_116' title='bbox 713 838 872 883; x_wconf 78' lang='lat' dir='ltr'>undique</span> <span class='ocrx_word' id='word_1_117' title='bbox 903 838 936 872; x_wconf 90' lang='lat' dir='ltr'>iu</span> <span class='ocrx_word' id='word_1_118' title='bbox 967 838 1152 883; x_wconf 89' lang='lat' dir='ltr'>publicum</span> <span class='ocrx_word' id='word_1_119' title='bbox 1188 839 1396 884; x_wconf 84' lang='lat' dir='ltr'>proripiunt,</span> 
     </span>
     <span class='ocr_line' id='line_1_16' title="bbox 136 884 1399 932; baseline 0.002 -13"><span class='ocrx_word' id='word_1_120' title='bbox 136 884 327 932; x_wconf 87' lang='lat' dir='ltr'>implorant</span> <span class='ocrx_word' id='word_1_121' title='bbox 367 884 562 924; x_wconf 86' lang='lat' dir='ltr'>Quiritium</span> <span class='ocrx_word' id='word_1_122' title='bbox 606 885 730 920; x_wconf 88' lang='lat' dir='ltr'>fidem.</span> <span class='ocrx_word' id='word_1_123' title='bbox 798 885 906 919; x_wconf 79' lang='lat' dir='ltr'>Nullo</span> <span class='ocrx_word' id='word_1_124' title='bbox 949 885 1027 919; x_wconf 90' lang='lat' dir='ltr'>loco</span> <span class='ocrx_word' id='word_1_125' title='bbox 1066 885 1170 920; x_wconf 80' lang='lat' dir='ltr'>deest</span> <span class='ocrx_word' id='word_1_126' title='bbox 1209 887 1399 921; x_wconf 78' lang='lat' dir='ltr'>seditionis</span> 
     </span>
     <span class='ocr_line' id='line_1_17' title="bbox 136 932 1398 978; baseline 0.002 -12"><span class='ocrx_word' id='word_1_127' title='bbox 136 932 359 967; x_wconf 85' lang='lat' dir='ltr'>voluntarius</span> <span class='ocrx_word' id='word_1_128' title='bbox 391 943 527 967; x_wconf 84' lang='lat' dir='ltr'>comes.</span> <span class='ocrx_word' id='word_1_129' title='bbox 597 933 726 967; x_wconf 86' lang='lat' dir='ltr'>Multis</span> <span class='ocrx_word' id='word_1_130' title='bbox 758 933 895 978; x_wconf 85' lang='lat' dir='ltr'>passim</span> <span class='ocrx_word' id='word_1_131' title='bbox 932 933 1140 977; x_wconf 75' lang='lat' dir='ltr'>agminibus</span> <span class='ocrx_word' id='word_1_132' title='bbox 1172 944 1236 978; x_wconf 88' lang='lat' dir='ltr'>per</span> <span class='ocrx_word' id='word_1_133' title='bbox 1269 945 1398 968; x_wconf 88' lang='lat' dir='ltr'>omnes</span> 
     </span>
     <span class='ocr_line' id='line_1_18' title="bbox 135 979 1398 1026; baseline 0 -12"><span class='ocrx_word' id='word_1_134' title='bbox 135 980 214 1015; x_wconf 84' lang='lat' dir='ltr'>vias</span> <span class='ocrx_word' id='word_1_135' title='bbox 240 991 327 1015; x_wconf 89' lang='lat' dir='ltr'>cum</span> <span class='ocrx_word' id='word_1_136' title='bbox 354 980 514 1014; x_wconf 89' lang='lat' dir='ltr'>clamore</span> <span class='ocrx_word' id='word_1_137' title='bbox 544 980 580 1014; x_wconf 92' lang='lat' dir='ltr'>in</span> <span class='ocrx_word' id='word_1_138' title='bbox 609 979 722 1014; x_wconf 84' lang='lat' dir='ltr'>sorum</span> <span class='ocrx_word' id='word_1_139' title='bbox 750 981 913 1014; x_wconf 86' lang='lat' dir='ltr'>curritur.</span> <span class='ocrx_word' id='word_1_140' title='bbox 965 980 1102 1024; x_wconf 77' lang='lat' dir='ltr'>Magno</span> <span class='ocrx_word' id='word_1_141' title='bbox 1128 991 1211 1014; x_wconf 86' lang='lat' dir='ltr'>curn</span> <span class='ocrx_word' id='word_1_142' title='bbox 1240 981 1398 1026; x_wconf 91' lang='lat' dir='ltr'>periculo</span> 
     </span>
     <span class='ocr_line' id='line_1_19' title="bbox 135 1027 1398 1074; baseline 0.001 -13"><span class='ocrx_word' id='word_1_143' title='bbox 135 1038 210 1073; x_wconf 83' lang='lat' dir='ltr'>suo,</span> <span class='ocrx_word' id='word_1_144' title='bbox 238 1028 299 1074; x_wconf 88' lang='lat' dir='ltr'>qui</span> <span class='ocrx_word' id='word_1_145' title='bbox 327 1027 416 1062; x_wconf 85' lang='lat' dir='ltr'>sorte</span> <span class='ocrx_word' id='word_1_146' title='bbox 444 1028 589 1062; x_wconf 89' lang='lat' dir='ltr'>Patrum</span> <span class='ocrx_word' id='word_1_147' title='bbox 618 1028 652 1062; x_wconf 92' lang='lat' dir='ltr'>in</span> <span class='ocrx_word' id='word_1_148' title='bbox 679 1027 752 1061; x_wconf 90' lang='lat' dir='ltr'>foro</span> <span class='ocrx_word' id='word_1_149' title='bbox 779 1034 891 1071; x_wconf 81' lang='lat' dir='ltr'>erant,</span> <span class='ocrx_word' id='word_1_150' title='bbox 920 1028 954 1061; x_wconf 90' lang='lat' dir='ltr'>in</span> <span class='ocrx_word' id='word_1_151' title='bbox 982 1039 1064 1061; x_wconf 88' lang='lat' dir='ltr'>earn</span> <span class='ocrx_word' id='word_1_152' title='bbox 1092 1027 1234 1063; x_wconf 88' lang='lat' dir='ltr'>turbam</span> <span class='ocrx_word' id='word_1_153' title='bbox 1263 1027 1398 1062; x_wconf 87' lang='lat' dir='ltr'>incide·</span> 
     </span>
     <span class='ocr_line' id='line_1_20' title="bbox 134 1074 1396 1121; baseline 0 -12"><span class='ocrx_word' id='word_1_154' title='bbox 134 1081 227 1109; x_wconf 83' lang='lat' dir='ltr'>runt.</span> <span class='ocrx_word' id='word_1_155' title='bbox 279 1075 358 1110; x_wconf 89' lang='lat' dir='ltr'>Nec</span> <span class='ocrx_word' id='word_1_156' title='bbox 385 1081 629 1120; x_wconf 87' lang='lat' dir='ltr'>temperatum</span> <span class='ocrx_word' id='word_1_157' title='bbox 657 1074 826 1109; x_wconf 88' lang='lat' dir='ltr'>manibus</span> <span class='ocrx_word' id='word_1_158' title='bbox 852 1074 952 1119; x_wconf 73' lang='lat' dir='ltr'>soret,</span> <span class='ocrx_word' id='word_1_159' title='bbox 980 1075 1015 1108; x_wconf 89' lang='lat' dir='ltr'>ni</span> <span class='ocrx_word' id='word_1_160' title='bbox 1043 1086 1193 1120; x_wconf 87' lang='lat' dir='ltr'>propere</span> <span class='ocrx_word' id='word_1_161' title='bbox 1219 1075 1396 1121; x_wconf 81' lang='lat' dir='ltr'>consules,</span> 
     </span>
     <span class='ocr_line' id='line_1_21' title="bbox 134 1121 1397 1168; baseline 0.001 -12"><span class='ocrx_word' id='word_1_162' title='bbox 134 1121 175 1156; x_wconf 91' lang='lat' dir='ltr'>P.</span> <span class='ocrx_word' id='word_1_163' title='bbox 194 1121 370 1157; x_wconf 85' lang='lat' dir='ltr'>Servilius</span> <span class='ocrx_word' id='word_1_164' title='bbox 387 1129 423 1156; x_wconf 88' lang='lat' dir='ltr'>et</span> <span class='ocrx_word' id='word_1_165' title='bbox 441 1124 536 1168; x_wconf 86' lang='lat' dir='ltr'>App.</span> <span class='ocrx_word' id='word_1_166' title='bbox 556 1122 740 1158; x_wconf 78' lang='lat' dir='ltr'>Claudius,</span> <span class='ocrx_word' id='word_1_167' title='bbox 761 1122 806 1155; x_wconf 88' lang='lat' dir='ltr'>ad</span> <span class='ocrx_word' id='word_1_168' title='bbox 835 1122 1149 1167; x_wconf 83' lang='lat' dir='ltr'>comprimendam</span> <span class='ocrx_word' id='word_1_169' title='bbox 1177 1123 1397 1157; x_wconf 86' lang='lat' dir='ltr'>seditionem</span> 
     </span>
     <span class='ocr_line' id='line_1_22' title="bbox 134 1168 1398 1204; baseline 0.002 -2"><span class='ocrx_word' id='word_1_170' title='bbox 134 1168 431 1203; x_wconf 84' lang='lat' dir='ltr'>intervenissent.</span> <span class='ocrx_word' id='word_1_171' title='bbox 499 1170 539 1203; x_wconf 92' lang='lat' dir='ltr'>ln</span> <span class='ocrx_word' id='word_1_172' title='bbox 573 1180 635 1203; x_wconf 90' lang='lat' dir='ltr'>eos</span> <span class='ocrx_word' id='word_1_173' title='bbox 668 1168 860 1202; x_wconf 87' lang='lat' dir='ltr'>multitudo</span> <span class='ocrx_word' id='word_1_174' title='bbox 895 1180 1000 1202; x_wconf 86' lang='lat' dir='ltr'>versa</span> <span class='ocrx_word' id='word_1_175' title='bbox 1033 1175 1215 1202; x_wconf 88' lang='lat' dir='ltr'>ostentare</span> <span class='ocrx_word' id='word_1_176' title='bbox 1252 1170 1398 1204; x_wconf 84' lang='lat' dir='ltr'>vincula</span> 
     </span>
     <span class='ocr_line' id='line_1_23' title="bbox 135 1215 1397 1262; baseline 0.001 -12"><span class='ocrx_word' id='word_1_177' title='bbox 135 1227 201 1250; x_wconf 86' lang='lat' dir='ltr'>sua</span> <span class='ocrx_word' id='word_1_178' title='bbox 233 1215 579 1260; x_wconf 85' lang='lat' dir='ltr'>deformitatemque</span> <span class='ocrx_word' id='word_1_179' title='bbox 613 1215 744 1249; x_wconf 83' lang='lat' dir='ltr'>aliam:</span> <span class='ocrx_word' id='word_1_180' title='bbox 780 1215 872 1248; x_wconf 87' lang='lat' dir='ltr'>haec</span> <span class='ocrx_word' id='word_1_181' title='bbox 906 1226 945 1249; x_wconf 92' lang='lat' dir='ltr'>se</span> <span class='ocrx_word' id='word_1_182' title='bbox 980 1215 1142 1249; x_wconf 84' lang='lat' dir='ltr'>meritos⁵</span> <span class='ocrx_word' id='word_1_183' title='bbox 1175 1215 1308 1262; x_wconf 77' lang='lat' dir='ltr'>dicere,</span> <span class='ocrx_word' id='word_1_184' title='bbox 1337 1229 1397 1252; x_wconf 82' lang='lat' dir='ltr'>ex-</span> 
     </span>
     <span class='ocr_line' id='line_1_24' title="bbox 135 1261 1396 1314; baseline 0.001 -17"><span class='ocrx_word' id='word_1_185' title='bbox 135 1262 348 1314; x_wconf 85' lang='lat' dir='ltr'>probrantes</span> <span class='ocrx_word' id='word_1_186' title='bbox 383 1273 487 1296; x_wconf 84' lang='lat' dir='ltr'>suam</span> <span class='ocrx_word' id='word_1_187' title='bbox 520 1262 675 1307; x_wconf 89' lang='lat' dir='ltr'>quisque</span> <span class='ocrx_word' id='word_1_188' title='bbox 709 1261 803 1296; x_wconf 91' lang='lat' dir='ltr'>alius</span> <span class='ocrx_word' id='word_1_189' title='bbox 837 1261 923 1296; x_wconf 84' lang='lat' dir='ltr'>alibi</span> <span class='ocrx_word' id='word_1_190' title='bbox 958 1262 1138 1296; x_wconf 88' lang='lat' dir='ltr'>militiam.</span> <span class='ocrx_word' id='word_1_191' title='bbox 1208 1264 1396 1298; x_wconf 87' lang='lat' dir='ltr'>Postulare</span> 
     </span>
     <span class='ocr_line' id='line_1_25' title="bbox 134 1309 1396 1354; baseline 0.001 -10"><span class='ocrx_word' id='word_1_192' title='bbox 134 1309 249 1344; x_wconf 90' lang='lat' dir='ltr'>multo</span> <span class='ocrx_word' id='word_1_193' title='bbox 277 1309 466 1344; x_wconf 87' lang='lat' dir='ltr'>minaciter</span> <span class='ocrx_word' id='word_1_194' title='bbox 493 1321 612 1354; x_wconf 82' lang='lat' dir='ltr'>magis</span> <span class='ocrx_word' id='word_1_195' title='bbox 639 1320 749 1354; x_wconf 78' lang='lat' dir='ltr'>quam</span> <span class='ocrx_word' id='word_1_196' title='bbox 778 1310 1000 1354; x_wconf 89' lang='lat' dir='ltr'>suppliciter</span> <span class='ocrx_word' id='word_1_197' title='bbox 1028 1315 1065 1343; x_wconf 92' lang='lat' dir='ltr'>ut</span> <span class='ocrx_word' id='word_1_198' title='bbox 1095 1317 1261 1345; x_wconf 83' lang='lat' dir='ltr'>senatum</span> <span class='ocrx_word' id='word_1_199' title='bbox 1292 1322 1396 1345; x_wconf 76' lang='lat' dir='ltr'>voca-</span> 
     </span>
     <span class='ocr_line' id='line_1_26' title="bbox 134 1355 1395 1404; baseline 0.002 -14"><span class='ocrx_word' id='word_1_200' title='bbox 134 1364 235 1402; x_wconf 77' lang='lat' dir='ltr'>rent3</span> <span class='ocrx_word' id='word_1_201' title='bbox 268 1356 482 1402; x_wconf 86' lang='lat' dir='ltr'>curiamque</span> <span class='ocrx_word' id='word_1_202' title='bbox 517 1356 583 1402; x_wconf 88' lang='lat' dir='ltr'>ipsi</span> <span class='ocrx_word' id='word_1_203' title='bbox 618 1355 727 1390; x_wconf 88' lang='lat' dir='ltr'>futuri</span> <span class='ocrx_word' id='word_1_204' title='bbox 761 1356 882 1390; x_wconf 86' lang='lat' dir='ltr'>arbitri</span> <span class='ocrx_word' id='word_1_205' title='bbox 912 1357 1232 1402; x_wconf 85' lang='lat' dir='ltr'>moderatoresque</span> <span class='ocrx_word' id='word_1_206' title='bbox 1260 1358 1395 1404; x_wconf 87' lang='lat' dir='ltr'>publici</span> 
     </span>
     <span class='ocr_line' id='line_1_27' title="bbox 134 1403 1397 1450; baseline 0.002 -12"><span class='ocrx_word' id='word_1_207' title='bbox 134 1404 274 1439; x_wconf 88' lang='lat' dir='ltr'>consilii</span> <span class='ocrx_word' id='word_1_208' title='bbox 294 1403 578 1439; x_wconf 85' lang='lat' dir='ltr'>circumsistunt.</span> <span class='ocrx_word' id='word_1_209' title='bbox 629 1403 741 1437; x_wconf 88' lang='lat' dir='ltr'>Pauci</span> <span class='ocrx_word' id='word_1_210' title='bbox 768 1403 966 1438; x_wconf 87' lang='lat' dir='ltr'>admodum</span> <span class='ocrx_word' id='word_1_211' title='bbox 995 1404 1154 1438; x_wconf 89' lang='lat' dir='ltr'>Patrum.</span> <span class='ocrx_word' id='word_1_212' title='bbox 1173 1416 1263 1450; x_wconf 88' lang='lat' dir='ltr'>quos</span> <span class='ocrx_word' id='word_1_213' title='bbox 1288 1417 1397 1440; x_wconf 87' lang='lat' dir='ltr'>casus</span> 
     </span>
     <span class='ocr_line' id='line_1_28' title="bbox 133 1441 1396 1495; baseline 0.001 -9"><span class='ocrx_word' id='word_1_214' title='bbox 133 1451 324 1495; x_wconf 88' lang='lat' dir='ltr'>obtulerat,</span> <span class='ocrx_word' id='word_1_215' title='bbox 352 1452 524 1485; x_wconf 89' lang='lat' dir='ltr'>contracti</span> <span class='ocrx_word' id='word_1_216' title='bbox 551 1450 598 1484; x_wconf 90' lang='lat' dir='ltr'>ab</span> <span class='ocrx_word' id='word_1_217' title='bbox 624 1450 854 1485; x_wconf 85' lang='lat' dir='ltr'>consulibus:</span> <span class='ocrx_word' id='word_1_218' title='bbox 890 1457 1032 1485; x_wconf 85' lang='lat' dir='ltr'>ceteros</span> <span class='ocrx_word' id='word_1_219' title='bbox 1058 1441 1178 1486; x_wconf 81' lang='lat' dir='ltr'>metus</span> <span class='ocrx_word' id='word_1_220' title='bbox 1202 1463 1270 1487; x_wconf 89' lang='lat' dir='ltr'>non</span> <span class='ocrx_word' id='word_1_221' title='bbox 1298 1454 1396 1487; x_wconf 90' lang='lat' dir='ltr'>curia</span> 
     </span>
     <span class='ocr_line' id='line_1_29' title="bbox 133 1497 1396 1545; baseline 0.001 -12"><span class='ocrx_word' id='word_1_222' title='bbox 133 1499 242 1533; x_wconf 84' lang='lat' dir='ltr'>modo</span> <span class='ocrx_word' id='word_1_223' title='bbox 275 1497 340 1533; x_wconf 88' lang='lat' dir='ltr'>sed</span> <span class='ocrx_word' id='word_1_224' title='bbox 374 1498 488 1532; x_wconf 84' lang='lat' dir='ltr'>etiam</span> <span class='ocrx_word' id='word_1_225' title='bbox 521 1497 596 1532; x_wconf 86' lang='lat' dir='ltr'>foro</span> <span class='ocrx_word' id='word_1_226' title='bbox 624 1497 782 1532; x_wconf 87' lang='lat' dir='ltr'>arcebat</span> <span class='ocrx_word' id='word_1_227' title='bbox 834 1499 913 1532; x_wconf 92' lang='lat' dir='ltr'>Nec</span> <span class='ocrx_word' id='word_1_228' title='bbox 942 1499 999 1543; x_wconf 83' lang='lat' dir='ltr'>agi</span> <span class='ocrx_word' id='word_1_229' title='bbox 1028 1499 1223 1543; x_wconf 87' lang='lat' dir='ltr'>quicquam</span> <span class='ocrx_word' id='word_1_230' title='bbox 1254 1511 1317 1545; x_wconf 91' lang='lat' dir='ltr'>per</span> <span class='ocrx_word' id='word_1_231' title='bbox 1345 1501 1396 1534; x_wconf 89' lang='lat' dir='ltr'>in-</span> 
     </span>
     <span class='ocr_line' id='line_1_30' title="bbox 133 1544 1396 1591; baseline 0.002 -12"><span class='ocrx_word' id='word_1_232' title='bbox 133 1544 377 1591; x_wconf 88' lang='lat' dir='ltr'>frequentiam</span> <span class='ocrx_word' id='word_1_233' title='bbox 397 1551 535 1590; x_wconf 87' lang='lat' dir='ltr'>poterat</span> <span class='ocrx_word' id='word_1_234' title='bbox 553 1551 712 1579; x_wconf 86' lang='lat' dir='ltr'>senatus</span> <span class='ocrx_word' id='word_1_235' title='bbox 763 1544 857 1578; x_wconf 89' lang='lat' dir='ltr'>Tum</span> <span class='ocrx_word' id='word_1_236' title='bbox 878 1556 962 1578; x_wconf 90' lang='lat' dir='ltr'>vero</span> <span class='ocrx_word' id='word_1_237' title='bbox 981 1545 1078 1578; x_wconf 87' lang='lat' dir='ltr'>eludi</span> <span class='ocrx_word' id='word_1_238' title='bbox 1103 1552 1214 1591; x_wconf 86' lang='lat' dir='ltr'>atque</span> <span class='ocrx_word' id='word_1_239' title='bbox 1240 1547 1396 1581; x_wconf 78' lang='lat' dir='ltr'>extrahi⁶</span> 
     </span>
     <span class='ocr_line' id='line_1_31' title="bbox 133 1591 1395 1637; baseline 0.002 -11"><span class='ocrx_word' id='word_1_240' title='bbox 133 1603 174 1627; x_wconf 86' lang='lat' dir='ltr'>se</span> <span class='ocrx_word' id='word_1_241' title='bbox 193 1591 387 1627; x_wconf 86' lang='lat' dir='ltr'>multitudo</span> <span class='ocrx_word' id='word_1_242' title='bbox 413 1599 560 1637; x_wconf 87' lang='lat' dir='ltr'>putare;</span> <span class='ocrx_word' id='word_1_243' title='bbox 588 1597 623 1625; x_wconf 91' lang='lat' dir='ltr'>et</span> <span class='ocrx_word' id='word_1_244' title='bbox 648 1592 796 1626; x_wconf 88' lang='lat' dir='ltr'>Patrum</span> <span class='ocrx_word' id='word_1_245' title='bbox 822 1592 882 1637; x_wconf 92' lang='lat' dir='ltr'>qui</span> <span class='ocrx_word' id='word_1_246' title='bbox 909 1591 1091 1636; x_wconf 82' lang='lat' dir='ltr'>abessent</span> <span class='ocrx_word' id='word_1_247' title='bbox 1112 1603 1181 1626; x_wconf 87' lang='lat' dir='ltr'>non</span> <span class='ocrx_word' id='word_1_248' title='bbox 1208 1605 1305 1637; x_wconf 81' lang='lat' dir='ltr'>casu⁷</span> <span class='ocrx_word' id='word_1_249' title='bbox 1325 1605 1395 1628; x_wconf 88' lang='lat' dir='ltr'>non</span> 
     </span>
     <span class='ocr_line' id='line_1_32' title="bbox 133 1619 1396 1686; baseline 0.002 -13"><span class='ocrx_word' id='word_1_250' title='bbox 133 1646 243 1684; x_wconf 88' lang='lat' dir='ltr'>metu,</span> <span class='ocrx_word' id='word_1_251' title='bbox 271 1639 338 1673; x_wconf 86' lang='lat' dir='ltr'>sed</span> <span class='ocrx_word' id='word_1_252' title='bbox 366 1619 623 1685; x_wconf 88' lang='lat' dir='ltr'>impediendae</span> <span class='ocrx_word' id='word_1_253' title='bbox 651 1639 701 1672; x_wconf 87' lang='lat' dir='ltr'>rei</span> <span class='ocrx_word' id='word_1_254' title='bbox 729 1650 840 1672; x_wconf 85' lang='lat' dir='ltr'>causa</span> <span class='ocrx_word' id='word_1_255' title='bbox 868 1639 1010 1683; x_wconf 83' lang='lat' dir='ltr'>abesse,</span> <span class='ocrx_word' id='word_1_256' title='bbox 1036 1646 1071 1673; x_wconf 89' lang='lat' dir='ltr'>et</span> <span class='ocrx_word' id='word_1_257' title='bbox 1101 1640 1270 1674; x_wconf 90' lang='lat' dir='ltr'>consules</span> <span class='ocrx_word' id='word_1_258' title='bbox 1298 1620 1396 1686; x_wconf 76' lang='lat' dir='ltr'>’ipsos</span> 
     </span>
     <span class='ocr_line' id='line_1_33' title="bbox 135 1685 1395 1731; baseline 0.002 -11"><span class='ocrx_word' id='word_1_259' title='bbox 135 1686 385 1731; x_wconf 85' lang='lat' dir='ltr'>tergiversari;</span> <span class='ocrx_word' id='word_1_260' title='bbox 418 1697 489 1721; x_wconf 84' lang='lat' dir='ltr'>nec</span> <span class='ocrx_word' id='word_1_261' title='bbox 521 1685 635 1721; x_wconf 90' lang='lat' dir='ltr'>dubie</span> <span class='ocrx_word' id='word_1_262' title='bbox 663 1685 816 1720; x_wconf 88' lang='lat' dir='ltr'>ludibrio</span> <span class='ocrx_word' id='word_1_263' title='bbox 850 1696 931 1720; x_wconf 91' lang='lat' dir='ltr'>esse</span> <span class='ocrx_word' id='word_1_264' title='bbox 965 1687 1130 1720; x_wconf 80' lang='lat' dir='ltr'>miserias</span> <span class='ocrx_word' id='word_1_265' title='bbox 1164 1699 1261 1721; x_wconf 87' lang='lat' dir='ltr'>suas.</span> <span class='ocrx_word' id='word_1_266' title='bbox 1312 1688 1395 1723; x_wconf 85' lang='lat' dir='ltr'>Jam</span> 
     </span>
     <span class='ocr_line' id='line_1_34' title="bbox 133 1732 1397 1780; baseline 0.001 -12"><span class='ocrx_word' id='word_1_267' title='bbox 133 1744 244 1780; x_wconf 88' lang='lat' dir='ltr'>prope</span> <span class='ocrx_word' id='word_1_268' title='bbox 273 1740 349 1768; x_wconf 87' lang='lat' dir='ltr'>erat</span> <span class='ocrx_word' id='word_1_269' title='bbox 378 1739 417 1768; x_wconf 92' lang='lat' dir='ltr'>ut</span> <span class='ocrx_word' id='word_1_270' title='bbox 447 1745 492 1768; x_wconf 94' lang='lat' dir='ltr'>ne</span> <span class='ocrx_word' id='word_1_271' title='bbox 519 1733 708 1767; x_wconf 90' lang='lat' dir='ltr'>consulum</span> <span class='ocrx_word' id='word_1_272' title='bbox 733 1732 883 1778; x_wconf 90' lang='lat' dir='ltr'>quidem</span> <span class='ocrx_word' id='word_1_273' title='bbox 912 1732 1088 1778; x_wconf 88' lang='lat' dir='ltr'>majestas</span> <span class='ocrx_word' id='word_1_274' title='bbox 1113 1740 1296 1769; x_wconf 87' lang='lat' dir='ltr'>coerceret</span> <span class='ocrx_word' id='word_1_275' title='bbox 1326 1735 1397 1769; x_wconf 83' lang='lat' dir='ltr'>iras</span> 
     </span>
     <span class='ocr_line' id='line_1_35' title="bbox 133 1779 1395 1828; baseline 0.002 -13"><span class='ocrx_word' id='word_1_276' title='bbox 133 1781 335 1826; x_wconf 87' lang='lat' dir='ltr'>hominum,</span> <span class='ocrx_word' id='word_1_277' title='bbox 363 1792 448 1815; x_wconf 91' lang='lat' dir='ltr'>cum</span> <span class='ocrx_word' id='word_1_278' title='bbox 482 1781 610 1815; x_wconf 88' lang='lat' dir='ltr'>incerti</span> <span class='ocrx_word' id='word_1_279' title='bbox 643 1779 816 1815; x_wconf 86' lang='lat' dir='ltr'>morando</span> <span class='ocrx_word' id='word_1_280' title='bbox 844 1791 891 1813; x_wconf 86' lang='lat' dir='ltr'>an</span> <span class='ocrx_word' id='word_1_281' title='bbox 919 1779 1100 1814; x_wconf 82' lang='lat' dir='ltr'>veniendo</span> <span class='ocrx_word' id='word_1_282' title='bbox 1133 1780 1216 1827; x_wconf 90' lang='lat' dir='ltr'>plus</span> <span class='ocrx_word' id='word_1_283' title='bbox 1244 1782 1395 1828; x_wconf 88' lang='lat' dir='ltr'>periculi</span> 
     </span>
    </p>
   </div>
   <div class='ocr_carea' id='block_1_3' title="bbox 133 1877 1396 2040">
    <p class='ocr_par' dir='ltr' id='par_1_3' title="bbox 174 1877 820 1910">
     <span class='ocr_line' id='line_1_36' title="bbox 174 1877 820 1910; baseline -0.006 1"><span class='ocrx_word' id='word_1_284' title='bbox 174 1880 208 1897; x_wconf 88' lang='lat'>¹‘</span> <span class='ocrx_word' id='word_1_285' title='bbox 221 1879 269 1910; x_wconf 83' lang='lat' dir='ltr'>At</span> <span class='ocrx_word' id='word_1_286' title='bbox 286 1890 306 1910; x_wconf 82' lang='lat' dir='ltr'>a</span> <span class='ocrx_word' id='word_1_287' title='bbox 320 1879 400 1910; x_wconf 85' lang='lat' dir='ltr'>time</span> <span class='ocrx_word' id='word_1_288' title='bbox 417 1879 647 1910; x_wconf 88' lang='lat' dir='ltr'>inconvenient</span> <span class='ocrx_word' id='word_1_289' title='bbox 665 1877 713 1908; x_wconf 86' lang='lat' dir='ltr'>sor</span> <span class='ocrx_word' id='word_1_290' title='bbox 728 1877 820 1908; x_wconf 57' lang='lat' dir='ltr'>him)</span> 
     </span>
    </p>

    <p class='ocr_par' dir='ltr' id='par_1_4' title="bbox 133 1917 1396 1997">
     <span class='ocr_line' id='line_1_37' title="bbox 172 1917 1396 1958; baseline 0.002 -8"><span class='ocrx_word' id='word_1_291' title='bbox 172 1918 274 1950; x_wconf 66' lang='lat' dir='ltr'>‘The</span> <span class='ocrx_word' id='word_1_292' title='bbox 291 1919 491 1950; x_wconf 86' lang='lat' dir='ltr'>workhouse</span> <span class='ocrx_word' id='word_1_293' title='bbox 514 1918 552 1949; x_wconf 90' lang='lat' dir='ltr'>of</span> <span class='ocrx_word' id='word_1_294' title='bbox 570 1918 625 1949; x_wconf 88' lang='lat' dir='ltr'>the</span> <span class='ocrx_word' id='word_1_295' title='bbox 649 1917 789 1949; x_wconf 83' lang='lat' dir='ltr'>creditor</span> <span class='ocrx_word' id='word_1_296' title='bbox 814 1917 841 1948; x_wconf 92' lang='lat' dir='ltr'>is</span> <span class='ocrx_word' id='word_1_297' title='bbox 863 1917 970 1949; x_wconf 88' lang='lat' dir='ltr'>called</span> <span class='ocrx_word' id='word_1_298' title='bbox 992 1929 1011 1949; x_wconf 93' lang='lat' dir='ltr'>a</span> <span class='ocrx_word' id='word_1_299' title='bbox 1036 1921 1179 1951; x_wconf 83' lang='lat' dir='ltr'>‘torture</span> <span class='ocrx_word' id='word_1_300' title='bbox 1203 1919 1333 1958; x_wconf 80' lang='lat' dir='ltr'>house‚’</span> <span class='ocrx_word' id='word_1_301' title='bbox 1351 1931 1396 1952; x_wconf 90' lang='lat' dir='ltr'>on</span> 
     </span>
     <span class='ocr_line' id='line_1_38' title="bbox 133 1957 1190 2006; baseline 0.001 -16"><span class='ocrx_word' id='word_1_302' title='bbox 133 1967 270 1991; x_wconf 87' lang='lat' dir='ltr'>account</span> <span class='ocrx_word' id='word_1_303' title='bbox 288 1959 326 1990; x_wconf 87' lang='lat' dir='ltr'>of</span> <span class='ocrx_word' id='word_1_304' title='bbox 344 1959 400 1990; x_wconf 89' lang='lat' dir='ltr'>the</span> <span class='ocrx_word' id='word_1_305' title='bbox 416 1959 588 1990; x_wconf 86' lang='lat' dir='ltr'>excessive</span> <span class='ocrx_word' id='word_1_306' title='bbox 606 1958 721 1989; x_wconf 90' lang='lat' dir='ltr'>labour</span> <span class='ocrx_word' id='word_1_307' title='bbox 737 1957 800 1988; x_wconf 88' lang='lat' dir='ltr'>and</span> <span class='ocrx_word' id='word_1_308' title='bbox 815 1968 930 1989; x_wconf 88' lang='lat' dir='ltr'>severe</span> <span class='ocrx_word' id='word_1_309' title='bbox 946 1959 1190 2006; x_wconf 64' lang='lat' dir='ltr'>punishments3</span> 
     </span>
    </p>

    <p class='ocr_par' dir='ltr' id='par_1_5' title="bbox 173 1998 1389 2040">
     <span class='ocr_line' id='line_1_39' title="bbox 173 1998 1389 2040; baseline 0.002 -10"><span class='ocrx_word' id='word_1_310' title='bbox 173 2001 185 2018; x_wconf 78' lang='lat'><strong>³</strong></span> <span class='ocrx_word' id='word_1_311' title='bbox 198 1999 290 2031; x_wconf 84' lang='lat' dir='ltr'>Most</span> <span class='ocrx_word' id='word_1_312' title='bbox 307 1999 526 2038; x_wconf 85' lang='lat' dir='ltr'>manuscripts</span> <span class='ocrx_word' id='word_1_313' title='bbox 543 1999 626 2029; x_wconf 86' lang='lat' dir='ltr'>have</span> <span class='ocrx_word' id='word_1_314' title='bbox 643 1999 794 2029; x_wconf 68' lang='lat' dir='ltr'>sustInet.</span> <span class='ocrx_word' id='word_1_315' title='bbox 839 1998 891 2029; x_wconf 92' lang='lat' dir='ltr'>As</span> <span class='ocrx_word' id='word_1_316' title='bbox 907 2005 941 2030; x_wconf 90' lang='lat' dir='ltr'>to</span> <span class='ocrx_word' id='word_1_317' title='bbox 952 2001 1089 2039; x_wconf 81' lang='lat' dir='ltr'>passim,</span> <span class='ocrx_word' id='word_1_318' title='bbox 1108 2010 1165 2031; x_wconf 86' lang='lat' dir='ltr'>see</span> <span class='ocrx_word' id='word_1_319' title='bbox 1182 2000 1202 2031; x_wconf 86' lang='lat' dir='ltr'>i.</span> <span class='ocrx_word' id='word_1_320' title='bbox 1219 2003 1270 2037; x_wconf 84' lang='lat'>28,</span> <span class='ocrx_word' id='word_1_321' title='bbox 1289 2011 1320 2040; x_wconf 91' lang='lat' dir='ltr'>p.</span> <span class='ocrx_word' id='word_1_322' title='bbox 1338 2003 1389 2038; x_wconf 87' lang='lat'>56,</span> 
     </span>
    </p>
   </div>
   <div class='ocr_carea' id='block_1_4' title="bbox 132 2042 1396 2118">
    <p class='ocr_par' dir='ltr' id='par_1_6' title="bbox 132 2042 1396 2118">
     <span class='ocr_line' id='line_1_40' title="bbox 132 2042 1396 2118; baseline 0.001 -8"><span class='ocrx_word' id='word_1_323' title='bbox 132 2042 312 2110; x_wconf 36' lang='lat' dir='ltr'>nostriat&#39;</span> <span class='ocrx_word' id='word_1_324' title='bbox 304 2079 344 2116; x_wconf 86' lang='lat' dir='ltr'>is,</span> <span class='ocrx_word' id='word_1_325' title='bbox 363 2079 406 2110; x_wconf 86' lang='lat' dir='ltr'>all</span> <span class='ocrx_word' id='word_1_326' title='bbox 421 2079 555 2111; x_wconf 89' lang='lat' dir='ltr'>debtors</span> <span class='ocrx_word' id='word_1_327' title='bbox 569 2077 644 2108; x_wconf 88' lang='lat' dir='ltr'>who</span> <span class='ocrx_word' id='word_1_328' title='bbox 660 2077 723 2108; x_wconf 89' lang='lat' dir='ltr'>had</span> <span class='ocrx_word' id='word_1_329' title='bbox 739 2077 800 2109; x_wconf 81' lang='lat' dir='ltr'>lost</span> <span class='ocrx_word' id='word_1_330' title='bbox 817 2077 903 2108; x_wconf 83' lang='lat' dir='ltr'>their</span> <span class='ocrx_word' id='word_1_331' title='bbox 918 2077 1050 2118; x_wconf 88' lang='lat' dir='ltr'>liberty,</span> <span class='ocrx_word' id='word_1_332' title='bbox 1064 2079 1126 2110; x_wconf 89' lang='lat' dir='ltr'>and</span> <span class='ocrx_word' id='word_1_333' title='bbox 1138 2079 1370 2111; x_wconf 83' lang='lat' dir='ltr'>who—some</span> <span class='ocrx_word' id='word_1_334' title='bbox 1361 2090 1396 2112; x_wconf 88' lang='lat' dir='ltr'>m</span> 
     </span>
    </p>
   </div>
   <div class='ocr_carea' id='block_1_5' title="bbox 133 2117 1395 2159">
    <p class='ocr_par' dir='ltr' id='par_1_7' title="bbox 133 2117 1395 2159">
     <span class='ocr_line' id='line_1_41' title="bbox 133 2117 1395 2159; baseline 0 -9"><span class='ocrx_word' id='word_1_335' title='bbox 133 2118 248 2151; x_wconf 86' lang='lat' dir='ltr'>chains</span> <span class='ocrx_word' id='word_1_336' title='bbox 272 2121 408 2155; x_wconf 57' lang='lat' dir='ltr'>(vincta),</span> <span class='ocrx_word' id='word_1_337' title='bbox 435 2119 548 2150; x_wconf 85' lang='lat' dir='ltr'>others</span> <span class='ocrx_word' id='word_1_338' title='bbox 571 2117 712 2148; x_wconf 87' lang='lat' dir='ltr'>without</span> <span class='ocrx_word' id='word_1_339' title='bbox 742 2117 847 2148; x_wconf 90' lang='lat' dir='ltr'>bonds</span> <span class='ocrx_word' id='word_1_340' title='bbox 878 2120 1214 2159; x_wconf 79' lang='lat' dir='ltr'>(solutr)—wrought</span> <span class='ocrx_word' id='word_1_341' title='bbox 1238 2119 1287 2150; x_wconf 89' lang='lat' dir='ltr'>sor</span> <span class='ocrx_word' id='word_1_342' title='bbox 1309 2120 1395 2151; x_wconf 85' lang='lat' dir='ltr'>their</span> 
     </span>
    </p>
   </div>
   <div class='ocr_carea' id='block_1_6' title="bbox 87 2146 1394 2199">
    <p class='ocr_par' dir='ltr' id='par_1_8' title="bbox 87 2146 1394 2199">
     <span class='ocr_line' id='line_1_42' title="bbox 87 2146 1394 2199; baseline 0 -9"><span class='ocrx_word' id='word_1_343' title='bbox 87 2173 92 2176; x_wconf 95' lang='lat'>·</span> <span class='ocrx_word' id='word_1_344' title='bbox 132 2159 303 2191; x_wconf 87' lang='lat' dir='ltr'>creditors.</span> <span class='ocrx_word' id='word_1_345' title='bbox 348 2159 426 2193; x_wconf 76' lang='lat' dir='ltr'>We,</span> <span class='ocrx_word' id='word_1_346' title='bbox 453 2159 534 2190; x_wconf 81' lang='lat' dir='ltr'>with</span> <span class='ocrx_word' id='word_1_347' title='bbox 560 2158 716 2197; x_wconf 85' lang='lat' dir='ltr'>Sigonius</span> <span class='ocrx_word' id='word_1_348' title='bbox 739 2158 801 2188; x_wconf 92' lang='lat' dir='ltr'>and</span> <span class='ocrx_word' id='word_1_349' title='bbox 826 2157 1022 2194; x_wconf 79' lang='lat' dir='ltr'>Salmasius,</span> <span class='ocrx_word' id='word_1_350' title='bbox 1049 2146 1175 2197; x_wconf 57' lang='lat' dir='ltr'>prese?</span> <span class='ocrx_word' id='word_1_351' title='bbox 1179 2160 1233 2190; x_wconf 86' lang='lat' dir='ltr'>the</span> <span class='ocrx_word' id='word_1_352' title='bbox 1258 2159 1394 2199; x_wconf 86' lang='lat' dir='ltr'>reading</span> 
     </span>
    </p>
   </div>
   <div class='ocr_carea' id='block_1_7' title="bbox 132 2197 1393 2397">
    <p class='ocr_par' dir='ltr' id='par_1_9' title="bbox 132 2197 1393 2357">
     <span class='ocr_line' id='line_1_43' title="bbox 133 2197 1393 2244; baseline 0 -14"><span class='ocrx_word' id='word_1_353' title='bbox 133 2200 209 2230; x_wconf 69' lang='lat' dir='ltr'>nexi</span> <span class='ocrx_word' id='word_1_354' title='bbox 230 2206 265 2230; x_wconf 86' lang='lat' dir='ltr'>to</span> <span class='ocrx_word' id='word_1_355' title='bbox 287 2199 344 2230; x_wconf 87' lang='lat' dir='ltr'>the</span> <span class='ocrx_word' id='word_1_356' title='bbox 366 2199 501 2244; x_wconf 78' lang='lat' dir='ltr'>vulgate</span> <span class='ocrx_word' id='word_1_357' title='bbox 525 2209 628 2233; x_wconf 58' lang='lat' dir='ltr'>netem·</span> <span class='ocrx_word' id='word_1_358' title='bbox 654 2199 796 2228; x_wconf 89' lang='lat' dir='ltr'>because</span> <span class='ocrx_word' id='word_1_359' title='bbox 820 2197 876 2228; x_wconf 91' lang='lat' dir='ltr'>the</span> <span class='ocrx_word' id='word_1_360' title='bbox 899 2210 984 2231; x_wconf 73' lang='lat' dir='ltr'>nescu</span> <span class='ocrx_word' id='word_1_361' title='bbox 988 2201 1108 2230; x_wconf 81' lang='lat' dir='ltr'>soluti</span> <span class='ocrx_word' id='word_1_362' title='bbox 1131 2199 1212 2232; x_wconf 81' lang='lat' dir='ltr'>(that</span> <span class='ocrx_word' id='word_1_363' title='bbox 1237 2200 1276 2234; x_wconf 84' lang='lat' dir='ltr'>is.</span> <span class='ocrx_word' id='word_1_364' title='bbox 1296 2199 1393 2230; x_wconf 87' lang='lat' dir='ltr'>those</span> 
     </span>
     <span class='ocr_line' id='line_1_44' title="bbox 133 2237 1393 2318; baseline 0 -48"><span class='ocrx_word' id='word_1_365' title='bbox 133 2238 279 2318; x_wconf 52' lang='lat' dir='ltr'>sieel‘ip</span> <span class='ocrx_word' id='word_1_366' title='bbox 241 2239 335 2270; x_wconf 83' lang='lat' dir='ltr'>from</span> <span class='ocrx_word' id='word_1_367' title='bbox 323 2239 495 2318; x_wconf 70' lang='lat' dir='ltr'>prlestraint</span> <span class='ocrx_word' id='word_1_368' title='bbox 511 2238 560 2270; x_wconf 89' lang='lat' dir='ltr'>for</span> <span class='ocrx_word' id='word_1_369' title='bbox 575 2238 665 2273; x_wconf 82' lang='lat' dir='ltr'>debt)</span> <span class='ocrx_word' id='word_1_370' title='bbox 681 2237 746 2269; x_wconf 87' lang='lat' dir='ltr'>had</span> <span class='ocrx_word' id='word_1_371' title='bbox 769 2247 811 2268; x_wconf 93' lang='lat' dir='ltr'>no</span> <span class='ocrx_word' id='word_1_372' title='bbox 833 2238 918 2269; x_wconf 89' lang='lat' dir='ltr'>need</span> <span class='ocrx_word' id='word_1_373' title='bbox 940 2249 1014 2269; x_wconf 88' lang='lat' dir='ltr'>now</span> <span class='ocrx_word' id='word_1_374' title='bbox 1031 2246 1066 2269; x_wconf 90' lang='lat' dir='ltr'>to</span> <span class='ocrx_word' id='word_1_375' title='bbox 1088 2239 1225 2278; x_wconf 91' lang='lat' dir='ltr'>implore</span> <span class='ocrx_word' id='word_1_376' title='bbox 1243 2239 1299 2270; x_wconf 90' lang='lat' dir='ltr'>the</span> <span class='ocrx_word' id='word_1_377' title='bbox 1315 2239 1393 2278; x_wconf 89' lang='lat' dir='ltr'>help</span> 
     </span>
     <span class='ocr_line' id='line_1_45' title="bbox 132 2286 1161 2357; baseline -0.001 -7"><span class='ocrx_word' id='word_1_378' title='bbox 132 2289 152 2310; x_wconf 77' lang='grc' dir='ltr'><strong>ο</strong></span> <span class='ocrx_word' id='word_1_379' title='bbox 172 2286 210 2337; x_wconf 57' lang='grc' dir='ltr'>θι·</span> <span class='ocrx_word' id='word_1_380' title='bbox 223 2289 394 2350; x_wconf 40' lang='lat' dir='ltr'>zhpsowgs</span> <span class='ocrx_word' id='word_1_381' title='bbox 411 2319 500 2350; x_wconf 82' lang='lat' dir='ltr'>what</span> <span class='ocrx_word' id='word_1_382' title='bbox 518 2318 597 2357; x_wconf 88' lang='lat' dir='ltr'>they</span> <span class='ocrx_word' id='word_1_383' title='bbox 613 2316 676 2349; x_wconf 90' lang='lat' dir='ltr'>had</span> <span class='ocrx_word' id='word_1_384' title='bbox 692 2317 812 2357; x_wconf 85' lang='lat' dir='ltr'>gained</span> <span class='ocrx_word' id='word_1_385' title='bbox 827 2317 876 2349; x_wconf 88' lang='lat' dir='ltr'>for</span> <span class='ocrx_word' id='word_1_386' title='bbox 891 2318 978 2349; x_wconf 89' lang='lat' dir='ltr'>their</span> <span class='ocrx_word' id='word_1_387' title='bbox 993 2318 1161 2349; x_wconf 59' lang='lat' dir='ltr'>services!</span> 
     </span>
    </p>

    <p class='ocr_par' dir='ltr' id='par_1_10' title="bbox 172 2357 1202 2397">
     <span class='ocr_line' id='line_1_46' title="bbox 172 2357 1202 2397; baseline -0.002 -6"><span class='ocrx_word' id='word_1_388' title='bbox 172 2358 186 2377; x_wconf 82' lang='lat'>⁶</span> <span class='ocrx_word' id='word_1_389' title='bbox 197 2358 384 2391; x_wconf 79' lang='lat' dir='ltr'>Multitudo</span> <span class='ocrx_word' id='word_1_390' title='bbox 399 2361 619 2396; x_wconf 66' lang='grc' dir='ltr'>ωιναῖιίιιιν,ι</span> <span class='ocrx_word' id='word_1_391' title='bbox 633 2358 660 2389; x_wconf 89' lang='lat' dir='ltr'>is</span> <span class='ocrx_word' id='word_1_392' title='bbox 675 2364 733 2397; x_wconf 89' lang='lat' dir='ltr'>put</span> <span class='ocrx_word' id='word_1_393' title='bbox 749 2357 800 2389; x_wconf 86' lang='lat' dir='ltr'>off</span> <span class='ocrx_word' id='word_1_394' title='bbox 816 2358 899 2390; x_wconf 84' lang='lat' dir='ltr'>with</span> <span class='ocrx_word' id='word_1_395' title='bbox 914 2359 990 2389; x_wconf 83' lang='lat' dir='ltr'>vain</span> <span class='ocrx_word' id='word_1_396' title='bbox 1006 2358 1202 2397; x_wconf 77' lang='lat' dir='ltr'>pretences.⁷</span> 
     </span>
    </p>
   </div>
  </div>
 </body>
</html>
