1539 2508
104 114 181 156 102
637 124 674 150 τ.
703 124 816 150 mvn.

96 198 201 234 litum
236 203 424 244 tamquam
457 197 565 232 alieni
597 198 708 242 regn1¹
742 195 945 243 Superbum
983 194 1220 241 Tarquinium
1259 194 1361 230 velut

97 245 339 281 hereditatem
366 246 485 289 gentis
519 245 658 279 scelere
692 256 735 278 ac
765 245 799 278 vi
833 243 1029 289 repetisse:
1066 242 1169 288 pulso
1199 241 1360 288 Superbo

96 304 212 339 penes
245 293 464 327 Collatinum
499 292 692 337 imperium
720 303 813 325 esse.
864 291 1017 326 Nescire
1046 289 1264 335 Tarquinios
1291 289 1360 335 pri-

95 347 200 374 vatos
240 341 374 373 vivere.
441 339 520 373 Non
564 339 708 384 placere
746 348 890 382 nornen,
921 337 1166 384 periculosum
1201 335 1359 370 libertati

97 397 191 421 esse.
252 387 318 420 Hic
352 387 467 431 primo
501 387 638 419 sensim
674 386 934 430 temptantium
966 385 1108 418 animos
1141 394 1261 418 sermo
1295 394 1360 428 per

97 439 210 468 totam
239 434 425 466 civitatem
455 439 510 466 est
539 433 656 476 datus,
679 432 947 477 sollicitamque
975 431 1182 477 suspicione
1210 430 1360 476 plebem

95 479 226 514 Brutus
255 480 300 513 ad
335 480 539 514 contionem
577 486 694 513 vocat.
763 479 814 514 Ibi
851 479 1015 513 omnium
1053 479 1209 524 primurn
1246 477 1358 523 jusju-

96 527 250 561 randum
292 526 414 572 populi
458 526 595 569 recitat,
641 526 828 560 neminem
875 536 1024 570 regnare
1069 535 1247 570 passurOS‚
1291 536 1359 559 nec

96 574 193 608 esse²
226 575 374 619 Romae,
410 573 507 608 unde
541 573 743 619 periculum
780 573 936 607 libertati
971 572 1074 606 soret.
1138 571 1178 606 Id
1213 583 1360 606 summa

95 631 164 665 ope
199 621 374 655 tuendum
409 632 512 664 esse,
547 632 664 666 neque
695 620 807 654 ullam
842 631 930 665 rem,
961 630 1055 664 quae
1089 629 1132 653 eo
1165 618 1357 664 pertineat,

95 668 415 702 contemnendam.
484 668 643 702 Invitum
686 679 725 702 se
766 667 889 701 dicere
924 666 1083 701 hominis
1115 676 1248 710 causa;
1290 676 1359 700 nec

95 714 276 750 dicturum
320 715 442 759 fuisse,
482 715 518 748 ni
560 715 691 748 caritas
732 715 783 749 rei
826 714 994 760 publicae
1037 713 1210 747 vinceret.
1275 712 1358 747 Non

94 762 244 796 credere
290 762 465 808 populum
510 762 724 807 Romanum,
769 761 922 796 solidam
967 760 1176 795 libertatem
1218 759 1358 805 recipe-

94 815 210 843 ratam
243 820 337 843 esse.
388 809 543 853 Regium
572 821 697 853 genus,
730 809 870 853 regium
904 819 1037 842 nornen
1066 818 1137 841 non
1171 806 1287 840 solum
1319 806 1358 841 in

94 855 244 890 civitate
274 856 338 890 sed
373 857 483 890 etiam
511 856 547 889 in
577 857 731 901 imperio
761 866 863 889 esse:
900 855 933 889 id
962 854 1120 897 officere,
1149 853 1186 888 id
1213 853 1358 887 obstare

94 901 265 936 libertati.
331 902 457 936 ‘Hunc
491 903 554 944 tu,²
590 903 714 948 inquit,
753 903 834 936 ‘tua
869 902 1065 946 voluntate,
1101 901 1141 935 L.
1170 900 1355 945 Tarquini,

94 959 242 983 remove
270 956 422 983 metum.
472 949 724 994 Meminimus,
760 949 926 994 fatemur,
962 948 1103 994 ejecisti
1135 959 1259 992 reges:
1294 946 1357 982 ab·

94 995 195 1030 solve
229 996 451 1030 beneficium
486 1002 599 1039 tuum,
634 996 738 1031 aufer
771 997 857 1030 hinc
895 996 1034 1040 regium
1072 1005 1219 1029 nomen.
1282 993 1358 1029 Res

93 1048 176 1077 tuas
203 1043 264 1077 tibi
295 1055 364 1077 non
394 1043 508 1077 solum
540 1043 691 1077 reddent
719 1044 821 1077 cives
848 1043 908 1087 tui,
935 1049 1081 1076 auctore
1107 1053 1190 1086 me;
1223 1041 1298 1086 sed,
1326 1041 1358 1076 si

92 1090 178 1135 quid
206 1089 320 1135 deest,
349 1090 523 1124 munifice
548 1090 744 1134 augebunt.
797 1090 948 1124 Amicus
973 1090 1054 1124 abi:
1086 1099 1243 1123 exonera
1269 1088 1357 1123 civi-

94 1143 209 1171 tatem
234 1148 327 1170 vano
354 1136 501 1171 forsitan
528 1144 641 1171 metu.
693 1137 747 1171 Ita
773 1148 986 1182 persuasum
1018 1142 1073 1170 est
1097 1136 1244 1170 animus
1271 1147 1358 1170 cum

92 1191 202 1228 gente
236 1183 433 1229 Tarquinia
475 1195 626 1228 regnum
669 1183 753 1218 hine
794 1183 1002 1218 abiturum)
1064 1182 1209 1217 Consuli
1241 1183 1358 1228 primo
1402 1200 1406 1202 ·

93 1237 167 1265 tarn
189 1241 303 1265 novae
324 1231 373 1264 r'ei
391 1242 434 1264 ac
452 1231 596 1265 subitae
617 1231 807 1265 admiratio
833 1230 1028 1264 incluserat
1056 1241 1206 1264 vocem:
1233 1230 1358 1264 dicere

93 1277 228 1312 deinde
260 1278 495 1323 incipientem
525 1278 703 1323 primores
729 1277 890 1312 civitatis
915 1278 1196 1321 circumsistunt,
1223 1276 1358 1311 eadem

93 1324 217 1358 multis
244 1324 426 1370 precibus
440 1332 552 1359 orant.
604 1325 649 1359 Et
676 1325 787 1358 ceteri
814 1324 962 1369 quidem
991 1323 1188 1358 movebant
1214 1324 1355 1358 minus:

92 1378 288 1416 postquam
321 1371 379 1416 Sp.
415 1371 606 1406 Lucretius
645 1371 760 1417 major
797 1377 918 1405 aetate
955 1382 999 1405 ac
1032 1370 1220 1416 dignitate,
1255 1381 1358 1405 socer

92 1424 283 1463 praeterea
311 1419 434 1463 ipsius,
486 1429 570 1452 «rere
600 1419 698 1452 varie
730 1418 884 1462 rogando
910 1417 1073 1452 alternis³
1097 1416 1357 1463 suadendoque

93 1465 224 1510 coepit,
243 1472 281 1500 ut
299 1465 395 1499 vinci
413 1476 452 1498 se
470 1476 648 1499 consensu
676 1465 837 1499 civitatis
862 1471 1054 1510 pateretur,
1073 1464 1206 1499 timens
1230 1463 1357 1498 consul

92 1523 140 1546 ne
167 1511 397 1557 postmodum
425 1512 562 1558 privato
589 1511 659 1546 sibi
687 1511 818 1546 eadem
849 1512 910 1545 illa
935 1522 1018 1546 cum
1047 1511 1221 1546 bonorum
1248 1512 1356 1545 amis-

94 1558 195 1593 sione
213 1559 412 1604 additaque
438 1558 508 1592 alia
534 1559 682 1604 insuper
707 1558 908 1603 ignominia
933 1556 1152 1603 acciderent,
1171 1557 1356 1592 abdicavit

94 1616 135 1639 se
167 1606 367 1650 consulatu,
403 1605 584 1651 rebusque
619 1606 693 1640 suis
726 1605 895 1640 omnibus
933 1605 1139 1640 Lavinium·¹
1171 1605 1358 1640 translatis

93 1652 241 1687 civitate
275 1655 396 1687 cessit.
464 1652 596 1687 Brutus
638 1664 684 1687 ex
720 1658 870 1687 senatus
905 1651 1068 1687 consulto
1101 1651 1148 1687 ad
1181 1652 1357 1698 populum

95 1699 178 1732 tulit
211 1706 249 1734 ut
282 1711 410 1734 omnes
443 1699 666 1745 Tarquiniae
691 1699 814 1744 gentis
842 1699 970 1734 exules
998 1706 1144 1744 essent;
1176 1699 1357 1743 collegam

95 1745 165 1779 sibi
195 1747 353 1781 comitiis
386 1747 598 1781 centuriatis
626 1747 765 1782 creavit
792 1746 832 1782 P.
862 1745 1059 1792 Valerium,
1087 1757 1158 1792 quo
1190 1744 1356 1791 adjutore

95 1802 202 1836 reges
220 1792 390 1838 ejecerat.

145 1841 175 1872 3.
209 1839 303 1873 Cum
332 1839 431 1874 haud
459 1841 631 1886 cuiquam
660 1840 699 1875 in
731 1839 840 1875 dubio
874 1845 982 1885 esset,
1017 1839 1158 1874 bellum
1190 1838 1238 1874 ab
1269 1839 1357 1873 Tar-

137 1918 147 1936 ¹
162 1917 214 1949 He
230 1917 435 1962 thought'the
452 1921 663 1960 sovereignty
676 1921 727 1952 his
740 1931 814 1952 own
825 1931 941 1959 proper
951 1920 1164 1956 inheritance,
1180 1919 1359 1959 sorgetting

96 1956 268 2002 first.·that
294 1958 344 1989 lus
367 1958 480 1998 family
497 1971 566 1991 was
589 1968 644 1991 not
670 1960 821 1995 Romam
846 1960 910 1992 and
932 1960 1103 1999 secondly,
1125 1959 1196 1990 that
1220 1960 1358 1991 Servius

98 1997 232 2028 Tullius
250 1997 314 2028 had
330 1998 519 2030 intervened
537 2001 690 2030 between
707 2000 909 2038 Tarquinius
927 1999 1062 2031 Priscus
1079 1999 1142 2031 and
1159 1999 1303 2031 himself.

139 2038 152 2055 ²
165 2037 292 2081 Supply
305 2049 474 2078 passuros,
497 2043 504 2054 ¹
518 2039 589 2069 that
607 2039 685 2078 they
702 2040 812 2070 would
829 2048 886 2070 not
902 2039 1004 2071 suffer
1018 2050 1083 2079 any
1097 2050 1160 2070 one
1174 2046 1208 2070 to
1223 2040 1308 2070 exist
1326 2039 1361 2071 iu

99 2076 207 2121 Rome
224 2079 306 2107 trom
324 2078 432 2108 whom
450 2089 513 2117 any
529 2079 652 2118 danger
669 2087 702 2109 to
716 2079 835 2118 liberty
851 2080 956 2119 might
974 2079 1081 2110 arise.’
1134 2079 1239 2115 Unde,
1258 2079 1357 2110 reser-

98 2127 171 2156 ring
187 2124 220 2147 to
234 2127 370 2155 persons
386 2117 434 2148 for
449 2130 467 2148 a
484 2129 556 2157 quo,
575 2119 602 2149 is
620 2126 673 2149 not
691 2129 781 2150 rare:
806 2120 856 2151 for
868 2119 1032 2159 example,
1048 2121 1077 2151 is
1093 2121 1179 2150 unde
1191 2121 1325 2160 petitur,
1341 2129 1361 2150 a

99 2156 184 2196 legal
201 2158 392 2194 expression
409 2157 458 2188 sor
478 2158 552 2189 *the
569 2159 732 2189 accused.’

139 2197 151 2214 ³
164 2196 325 2228 Alternis.
341 2197 421 2229 used
438 2208 474 2228 as
489 2209 529 2229 an
547 2198 680 2234 adverb,
704 2203 711 2214 ‘
724 2199 946 2238 alternately‚’
966 2199 1029 2230 and
1045 2199 1144 2230 much
1159 2209 1251 2230 more
1267 2209 1357 2230 com-

99 2245 176 2267 mon
194 2236 270 2266 than
287 2238 411 2268 alterne
425 2248 462 2268 or
473 2240 669 2269 alternatim.
710 2238 896 2279 Originally
907 2240 931 2270 it
945 2249 1014 2270 was
1027 2239 1083 2270 the
1099 2239 1242 2271 ablative
1255 2239 1293 2270 of
1304 2239 1361 2271 the

99 2275 273 2314 adjective,
293 2278 412 2308 vicibus
428 2278 527 2317 being
543 2278 754 2310 understood.

139 2317 151 2335 ⁴
164 2316 198 2347 A
214 2315 325 2354 Latin,
344 2317 409 2349 and
425 2317 586 2350 therefore
603 2317 730 2357 foreign
745 2325 847 2356 town,
866 2329 903 2350 as
918 2324 954 2351 to
968 2318 1080 2351 which
1095 2329 1151 2352 see
1167 2318 1188 2351 i.
1208 2321 1236 2352 1.
