1523 2524
639 103 765 130 unna
785 104 873 130 xxi.
1306 100 1386 137 265

123 178 243 210 torum
269 179 308 209 et
329 174 545 220 Capitolium
571 181 608 211 et
633 176 850 213 sollemnem
868 184 1031 216 votorum
1059 181 1383 227 nuncupationem¹

124 220 274 268 fugisse,
301 233 347 256 ne
373 221 432 257 die
459 222 536 257 initi
562 225 797 269 magistratus
819 226 919 260 Jovis
944 227 1078 273 Optimi
1106 229 1264 264 Maximi
1291 236 1382 265 tem-

122 268 227 313 plum
251 266 390 313 adiret;
424 281 470 304 ne
497 277 665 305 senatum
700 272 839 307 invisus
872 274 948 319 ipse
977 282 1012 309 et
1039 275 1107 310 sibi
1134 276 1196 311 uni
1223 276 1380 313 invisum

123 315 264 350 videret
281 316 584 363 consuleretque3
611 330 656 352 ne
683 319 832 354 Latinas
859 321 1044 367 indiceret,
1063 323 1218 369 Jovique
1245 323 1379 360 Latiari

123 361 301 398 sollemne
327 373 473 398 sacrum
500 366 535 399 in
562 372 685 400 monte
712 366 871 412 faceret;
905 380 951 403 ne
980 370 1168 415 auspicato
1194 370 1380 416 profectus

121 408 160 443 in
192 409 411 456 Capitolium
453 411 499 446 ad
534 419 617 447 vota
658 416 912 461 nuncupanda,
949 417 1143 461 paludatus
1175 417 1260 451 inde
1293 430 1379 454 cum

120 454 307 492 lictoribus
332 457 368 492 in
394 459 619 504 provinciam
647 461 725 494 iret.
784 462 897 496 Lixae
924 463 1031 497 modo
1057 464 1136 498 sine
1163 465 1377 511 insignibus,

120 503 199 539 sine
239 504 427 540 lictoribus
459 506 664 552 profectum
697 508 793 543 clam
828 509 968 544 furtim²
999 510 1093 545 haud
1129 511 1234 545 aliter
1265 523 1378 558 quam

119 551 148 584 si
176 551 278 587 exilii
303 563 413 587 causa
439 553 555 589 solum
582 555 776 590 vertisset.³
825 557 949 602 Magis
974 569 1035 603 pro
1062 558 1255 603 majestate
1276 559 1377 594 vide-

119 597 220 633 licet⁴
250 600 393 646 imperii
421 600 580 636 Arimini
608 613 720 648 quam
745 604 883 638 Romae
911 605 1161 650 magistratum
1189 606 1375 654 initurum,

119 651 156 680 et
189 645 226 681 iu
259 647 464 683 deversorio
497 648 666 695 hospitali
700 661 810 695 quam
843 651 940 697 apud
974 658 1125 697 penates
1158 664 1242 687 suos
1275 665 1376 699 prae-

119 698 259 728 textam
291 701 531 742 sumpturum.
602 697 863 732 Revocandum
903 699 1057 732 universi
1102 699 1376 736 retrahendum-

119 751 191 785 que
217 749 447 788 censuerunt,
476 749 512 778 et
538 743 744 789 cogendum
771 745 939 780 omnibus
963 746 1062 791 prius
1088 754 1320 792 praesentem
1339 749 1375 784 in

118 787 209 823 deos
233 789 475 836 hominesque
502 790 603 837 fungi
638 791 778 837 officiis,
806 803 915 838 quam
951 792 995 826 ad
1031 795 1232 829 exercitum
1269 802 1303 829 et
1338 795 1375 830 in

118 835 342 880 provinciam
376 838 454 872 iret.
515 838 554 873 In
589 849 671 874 eam
705 839 923 884 legationem
958 840 1113 885 (legatos
1145 842 1244 876 enim
1277 842 1374 877 mitti

118 881 273 930 placuit)
299 884 342 923 Q.
361 885 554 920 Terentius
579 892 615 920 et
640 886 694 921 M.
721 886 902 921 Antistius
928 886 1081 933 profecti
1108 887 1218 922 nihilo
1242 890 1376 935 magis⁵

119 940 204 964 eum
231 938 432 979 moverunt,
452 944 562 979 quam
589 934 705 980 priore
731 932 918 968 consulatu
946 934 1088 969 litterae
1114 943 1303 971 moverant
1328 937 1375 975 ab

119 983 247 1013 senatu
274 979 420 1014 missae.
474 981 614 1016 Paucos
639 987 717 1026 post
742 979 822 1014 dies
850 981 1100 1026 magistratum
1131 983 1217 1027 iniit,
1247 984 1374 1019 immo-

119 1024 280 1072 lantique
307 1027 340 1060 ei
368 1027 504 1062 vitulus
525 1027 600 1074 jam
628 1028 722 1062 ictus
747 1038 768 1060 e
794 1028 965 1062 manibus
990 1030 1274 1065 sacrificantium
1292 1042 1374 1066 sese

120 1082 205 1106 cum
246 1074 489 1121 proripuisset,
533 1074 665 1109 multos
705 1074 983 1110 circumstantes
1024 1087 1148 1111 cruore
1190 1079 1373 1123 respersit.

122 1117 224 1163 Fuga
249 1120 373 1165 procul
399 1122 512 1156 etiam
543 1121 660 1166 major
692 1120 788 1165 apud
825 1121 965 1165 ignaros
999 1123 1086 1167 quid
1120 1124 1371 1171 trepidaretur,

121 1172 158 1200 et
183 1168 408 1202 concursatio
434 1168 513 1203 fuit.
565 1167 604 1202 Id
630 1178 651 1200 a
676 1167 857 1212 plerisque
883 1169 918 1202 in
945 1180 1052 1203 omen
1080 1171 1202 1215 magni
1229 1172 1375 1207 terroris

121 1220 329 1260 acceptum.
395 1214 615 1260 Legionibus
648 1214 733 1248 inde
766 1214 910 1249 duabus
941 1227 963 1250 a
996 1216 1205 1262 Sempronio
1246 1219 1374 1264 prioris

121 1260 209 1295 anni
234 1261 394 1307 consule,
413 1262 554 1296 duabus
578 1272 600 1295 a
625 1260 663 1294 C.
682 1260 790 1295 Atilio
816 1268 980 1307 praetore
1005 1265 1176 1310 acceptis,
1204 1265 1241 1300 in
1267 1266 1372 1301 Etru-

122 1308 210 1343 riam
229 1320 293 1354 per
310 1310 493 1355 Apennini
510 1307 673 1343 tramites
690 1309 873 1344 exercitus
890 1309 973 1344 duci
992 1317 1046 1345 est
1065 1318 1229 1357 coeptus.

162 1404 170 1421 ¹
187 1402 305 1435 Before
323 1414 341 1435 a
356 1414 476 1443 person
493 1402 641 1433 invested
654 1402 736 1433 with
752 1403 808 1434 the
825 1405 991 1445 imperium
1005 1405 1060 1436 left
1075 1405 1181 1437 Rome
1199 1405 1247 1437 for
1259 1417 1277 1437 a
1290 1417 1370 1444 war,

123 1443 163 1474 he
187 1444 282 1476 made
305 1455 325 1476 a
340 1455 413 1476 vow
433 1452 464 1476 to
481 1442 611 1481 Jupiter
628 1442 850 1481 Capitolinus,
870 1445 1064 1485 promising,
1087 1446 1113 1476 if
1132 1457 1267 1477 success
1285 1457 1372 1478 were

122 1484 323 1516 vouchsafed
341 1492 374 1516 to
389 1485 440 1516 his
457 1493 554 1519 arum,
573 1491 607 1513 ῐο
623 1491 813 1514 consecrate
830 1491 863 1515 to
881 1485 935 1515 the
952 1485 1015 1524 god
1033 1487 1156 1517 certain
1172 1486 1250 1525 gifts
1265 1487 1373 1519 which

123 1524 163 1554 he
180 1524 369 1556 mentioned
385 1525 488 1561 (these
502 1533 555 1553 are
570 1523 625 1554 the
639 1529 723 1559 vota,
740 1535 821 1562 quae
836 1530 1080 1565 nuncupantur)
1094 1538 1101 1556 ε
1121 1527 1183 1556 and
1200 1526 1277 1557 then
1294 1527 1374 1558 with

123 1564 166 1595 all
179 1564 323 1603 military
336 1573 431 1604 pomp
445 1563 598 1594 marched
613 1570 668 1594 out
681 1563 782 1594 ofthe
795 1564 863 1603 city
876 1565 1020 1604 wearing
1032 1565 1086 1596 the
1097 1567 1371 1606 paludamentum.

124 1604 179 1635 the
196 1604 378 1635 war-cloak
395 1603 432 1633 of
449 1614 467 1633 a
483 1603 705 1634 commander.

161 1644 174 1662 ²
189 1648 197 1660 ‘
211 1644 370 1682 Secretly,
390 1642 451 1674 and
470 1642 535 1674 like
553 1654 570 1674 a
587 1643 692 1674 thies!
741 1643 902 1683 Compare
918 1645 1052 1684 Zumpt,
1069 1646 1086 1679 ᾗ
1100 1648 1170 1677 742.

162 1685 298 1716 ³Solum
319 1689 451 1720 vertere,
477 1683 548 1714 said
571 1683 608 1714 of
625 1694 686 1715 one
710 1684 786 1715 who
809 1684 865 1715 left
889 1685 944 1716 the
967 1697 1045 1726 ager
1060 1685 1374 1719 Romanus-...walum

122 1731 336 1795 mayfr'oenical.
382 1763 446 1794 See
465 1763 600 1802 Zumpt,
619 1764 636 1797 ὖ
654 1766 726 1800 345,
746 1765 803 1795 sub
817 1765 881 1804 fin.

161 1805 173 1822 ⁵
189 1808 196 1822 ‘
210 1804 303 1836 More
320 1804 364 1843 by
379 1803 543 1844 nothing‚’
564 1807 571 1820 ‘
584 1814 625 1835 no
641 1814 731 1835 more
744 1804 766 1841 ;’
785 1804 855 1836 that
873 1804 912 1842 is,
927 1805 997 1845 just
1014 1815 1049 1838 as
1065 1805 1161 1839 little.

278 2064 322 2096 23
