1523 2524
666 133 792 159 Linea
822 134 922 158 xxii.
1349 126 1423 162 341

151 205 291 253 gloriae
331 205 478 242 illorum
519 217 584 253 per
627 206 799 242 virtutem
843 213 978 254 partae,
1015 219 1100 244 cum
1143 209 1214 244 sibi
1258 209 1428 247 timorem

154 254 412 300 ignaviamque
454 255 640 289 servitutis
683 255 949 300 ignominiosae
992 267 1144 292 causam
1178 268 1261 292 esse
1297 259 1426 294 sciant.

151 301 367 337 Maluerunt
401 301 438 336 in
474 301 640 337 tentoriis
672 302 830 337 latentes
860 303 968 338 simul
995 303 1116 339 lucem
1143 311 1254 352 atque
1281 305 1429 342 hostem

151 354 359 396 expectare,
378 359 465 384 cum
491 349 634 384 silentio
660 351 780 385 noctis
806 352 1024 397 erumpendi
1043 353 1187 388 occasio
1205 359 1315 388 esset.
1368 353 1427 389 Ad

151 396 423 443 erumpendum
457 407 479 430 e
512 398 640 432 castris
665 398 784 433 defuit
817 399 999 444 animus3¹
1033 399 1079 435 ad
1109 401 1261 435 tutanda
1287 400 1428 437 sortiter

151 450 271 480 castra.
303 445 471 479 animum
505 444 723 480 babuerunt.
777 446 866 481 Dies
895 454 1095 493 noctesque
1121 448 1259 494 aliquot
1285 449 1426 484 obsessi

151 492 290 528 vallum
315 492 439 538 armis
459 503 500 527 se
526 493 610 539 ipsi²
637 494 741 528 tutati
759 494 856 528 vallo
882 502 986 540 sunt,
1015 496 1166 531 tandem
1191 496 1322 531 ultima
1345 497 1426 532 ausi

151 540 336 587 passique,
355 551 441 575 cum
459 541 582 576 omnia
599 541 763 576 subsidia
781 543 878 576 vitae
895 543 1067 578 abessent
1085 543 1306 590 affectisque
1326 543 1426 579 fame

150 588 288 624 viribus
319 599 423 623 arma
451 587 526 634 jam
555 589 735 624 sustinere
763 591 965 636 nequirent,
995 591 1281 626 necessitatibus
1307 593 1427 638 magis

150 634 324 671 humanis
341 645 452 682 quam
479 637 590 671 armis
608 637 694 671 victi
721 644 814 672 sunt.
866 639 948 673 Orto
976 638 1051 673 sole
1079 638 1194 674 hostis
1219 639 1266 674 ad
1285 640 1425 676 vallum

149 683 330 729 accessit3
372 689 458 718 ante
493 684 697 720 secundam
731 685 870 732 horam,
905 686 1043 721 nullam
1080 687 1264 722 fortunam
1306 694 1423 723 certa-

150 731 261 767 minis
294 731 446 778 experti,
476 732 700 767 tradiderunt
727 745 831 768 arma
864 745 908 768 ac
942 746 982 769 se
1016 735 1126 781 ipsos.
1179 736 1279 770 Haec
1306 735 1425 771 vobis³

149 779 311 826 ipsorum
346 791 411 825 per
446 779 597 815 biduum
630 781 763 815 militia
796 782 875 816 snit.
928 783 1019 817 Cum
1063 783 1098 817 in
1132 784 1212 818 acie
1248 790 1344 819 stare
1378 795 1423 819 ac

148 839 311 874 pugnare
337 827 524 870 decuerat,
551 834 629 871 tum
657 829 693 863 in
719 835 838 864 castra
865 829 1099 875 refugerunt;
1125 842 1210 866 cum
1237 842 1299 877 pro
1327 831 1422 866 vallo

149 874 388 928 pugnandum
423 881 511 921 erat,
546 883 666 911 castra
700 877 935 923 tradiderunt,
963 889 1082 924 neque
1116 879 1152 914 in
1185 880 1266 914 acie
1300 891 1422 926 neque

148 934 184 959 m
218 924 347 958 castris
387 923 507 958 utiles.
563 923 634 958 Vos
676 924 884 960 redimam?
928 937 1014 961 cum
1056 938 1251 973 erumpere
1293 928 1423 963 castris

147 976 298 1018 oportet,
326 971 550 1006 cunctamini
577 983 622 1006 ac
648 974 830 1018 manetis,
865 985 950 1008 cum
978 986 1139 1020 manere,
1168 981 1287 1010 castra
1314 975 1422 1010 tutari

146 1019 260 1054 armis
292 1029 446 1054 necesse
479 1025 547 1066 est,
575 1026 611 1054 et
645 1026 762 1055 castra
796 1029 832 1056 et
865 1033 969 1056 arma
1002 1029 1038 1057 et
1067 1023 1251 1069 vosipsos
1280 1024 1423 1059 traditis

148 1065 254 1102 hosti.
308 1067 386 1113 Ego
420 1078 490 1102 non
524 1068 642 1112 magis
668 1069 755 1102 istos
783 1068 1028 1115 redimendos,
1059 1070 1186 1105 Patres
1211 1072 1419 1118 conscripti,

146 1125 292 1160 censeo,
327 1125 441 1160 quam
475 1114 558 1149 illos
591 1115 781 1150 dedendos
823 1117 1028 1162 Hannibali,
1064 1119 1126 1163 qui
1170 1129 1235 1164 per
1276 1120 1421 1154 medios

146 1162 272 1198 hostes
305 1173 325 1196 e
359 1161 491 1197 castris
532 1169 729 1209 eruperunt
763 1175 806 1199 ac
840 1176 905 1211 per
942 1177 1128 1200 summam
1164 1167 1337 1202 virtutem
1379 1179 1420 1203 se

96 1235 100 1238 -
146 1210 285 1257 patriae
312 1210 573 1245 restituerunt)

194 1261 252 1293 61.
288 1257 488 1303 Postquam
517 1257 681 1293 Manlius
709 1258 814 1305 dixit,
842 1272 1069 1306 quamquam
1103 1261 1247 1297 Panum
1273 1274 1419 1309 quoque

145 1305 355 1353 plerosque⁴
380 1305 516 1351 captivi
542 1307 758 1351 cognatione
781 1308 1022 1354 attingebant,
1041 1316 1185 1356 praeter
1204 1311 1420 1357 exemplum

145 1353 308 1389 civitatis
326 1353 480 1388 minime
499 1353 536 1388 in
554 1354 720 1400 captivos
745 1355 822 1401 jam
841 1356 925 1391 inde
943 1357 1161 1403 antiquitus⁵
1180 1357 1416 1405 indulgentis,

145 1401 326 1449 pecuniae
353 1412 498 1448 quoque
525 1413 673 1437 summa
699 1402 868 1438 homines
895 1405 1020 1450 movit,
1041 1417 1114 1451 qua
1142 1417 1209 1440 nec
1235 1409 1419 1442 aerarium

145 1449 350 1496 exhaurire,
378 1460 514 1495 magna
545 1449 623 1495 jam
657 1462 804 1485 summa
836 1452 998 1497 erogata⁵
1032 1453 1068 1488 in
1102 1464 1227 1488 servos
1258 1454 1305 1489 ad
1339 1454 1420 1489 mil·

146 1497 248 1533 itiam
291 1497 470 1532 emendos
511 1498 792 1545 armandosque,
837 1511 906 1534 nec
956 1500 1204 1536 Hannibalem
1254 1503 1419 1538 maxime

145 1544 302 1592 hujusce
338 1545 400 1591 rei,
436 1551 476 1580 ut
510 1545 610 1580 sama
643 1553 732 1593 erat,
764 1554 939 1592 egentem
973 1547 1201 1595 locupletari⁷
1234 1550 1418 1585 volebant.

145 1593 240 1629 Cum
266 1593 368 1629 triste
396 1604 622 1640 responsum,
652 1605 721 1628 non
749 1595 882 1630 redimi
907 1596 1082 1642 captivos,
1104 1597 1290 1632 redditum
1309 1604 1419 1640 esset,

145 1652 336 1689 novusque
363 1652 473 1688 super
498 1647 664 1676 veterem
691 1641 810 1677 luctus
840 1649 889 1678 tot
917 1643 1059 1689 jactura
1084 1645 1223 1680 civium
1250 1645 1421 1692 adjectus

146 1694 256 1736 esset,
283 1701 370 1725 cum
399 1689 544 1736 magnis
572 1689 720 1725 fletibus
746 1690 1012 1737 questibusque
1038 1691 1180 1738 legatos
1204 1693 1249 1728 ad
1277 1700 1420 1740 portam

188 1838 460 1913 {dSiupIp‘lyflherQ
486 1838 536 1887 for
558 1839 614 1871 the
637 1839 719 1872 sake
743 1840 781 1872 of
805 1840 862 1872 the
889 1842 1099 1880 connection,
1129 1844 1207 1875 ‘but
1230 1845 1254 1876 it
1278 1856 1356 1885 may
1379 1847 1421 1878 be

147 1892 201 1940 8ῧὲ
216 1887 383 1960 P⁹ropeartllyr¹¹
393 1886 432 1952 saec
443 1892 554 1962 {ZZZ
568 1922 639 1966 .b¹¹.t
658 1921 756 1966 yvhen
773 1921 829 1953 the
846 1922 976 1968 sub'ect
992 1923 1056 1968 and
1071 1924 1181 1970 object
1198 1925 1237 1973 os
1253 1936 1294 1958 an
1311 1927 1422 1959 action

147 1972 202 2034 isare
219 1961 276 1993 the
293 1971 400 2032 sagie,
419 1960 600 2035 tlt1e§Iga§;f13n
622 1961 723 1993 idiom
739 1973 767 1994 is
784 1962 862 1994 fond
878 1973 897 1994 o
932 1974 1047 2005 giving
1069 1975 1282 2004 prominence
1307 1974 1340 1999 to
1363 1967 1421 2000 the

160 2012 282 2034 ormer.
359 2011 436 2040 ump
457 2025 464 2038 ‚
585 2026 591 2032 .

187 2043 200 2061 θ
290 2043 296 2049 .
518 2043 524 2048 ·
557 2046 564 2058 4
725 2044 732 2056 ι

187 2041 549 2153 ιιῗῖειιξῗᾳαιῗεεὲἕιεῗῐῖἕέᾈ
567 2041 752 2157 11ῐὲῑέἕὲτῖ
763 2043 1090 2125 afffracigiignziyi'oeee
1107 2087 1175 2118 xxi.
1196 2090 1224 2123 1)
1241 2087 1298 2120 the
1321 2099 1422 2121 sense

148 2123 202 2183 0f⁶
215 2132 448 2197 ἔὲζγῦιῗαὸηἳγξ
464 2130 656 2208 ΞΞΟἶΠΫῘΞΙΕἱΙέ
680 2127 965 2211 ,ἱεΙίἓῖἒῑοξᾞοηῖβ
986 2166 1121 2206 implied
1138 2168 1178 2213 'in
1202 2168 1258 2200 the
1282 2169 1418 2208 adverb,

149 2210 319 2277 αοξιὲιὲιὲἰ
322 2203 454 2283 {2212}
461 2203 609 2283 agdigfffin
625 2204 750 2276 ἓὲἷὲιέε
761 2216 774 2243 ;
802 2205 924 2243 which,
945 2206 1115 2245 however,
1135 2220 1163 2240 is
1181 2217 1236 2241 not
1253 2220 1421 2243 common.

189 2286 201 2304 '¹
213 2285 245 2317 It
259 2283 365 2325 might
378 2284 450 2329 also
459 2268 546 2316 'have
561 2269 645 2331 bereri
659 2270 865 2327 locupletare,
880 2287 944 2319 and
957 2289 1135 2330 according
1146 2296 1180 2322 to
1192 2301 1253 2323 our
1264 2290 1419 2338 feelings,

151 2337 201 2358 we
217 2324 339 2358 should
354 2326 461 2364 preter
474 2324 530 2356 the
544 2332 651 2357 active
663 2337 671 2363 ;
692 2327 751 2358 but
764 2329 846 2364 volo,
859 2327 1017 2360 followed
1030 2331 1075 2369 by
1084 2340 1125 2361 nn
1138 2338 1329 2365 accusative
1339 2332 1421 2366 with

151 2367 208 2400 the
224 2365 386 2441 infirggxgp
402 2366 547 2407 passive,
564 2366 592 2398 is
609 2377 628 2398 a
643 2377 725 2407 very
741 2378 898 2400 common
914 2371 1155 2403 construction.
