1539 2508
698 38 722 62 n

143 97 221 132 314
687 107 722 132 T.
755 105 867 131 mvn.

143 181 329 216 voluntate
349 181 416 227 ipsi
435 181 528 216 inter
554 191 636 214 sese
664 179 846 214 decuriati
874 179 1030 226 equites,
1050 178 1244 214 centuriati
1290 178 1411 214 edites

143 228 382 275 conjurabant
409 240 490 263 sese
519 230 626 273 fugae
654 234 766 273 atque
794 227 1002 262 formidinis
1027 228 1126 273 ergo¹
1147 238 1218 262 non
1235 239 1258 262 a
1287 227 1409 270 ituros,

143 288 263 323 neque
293 287 340 312 ex
369 276 494 311 ordine
525 286 733 310 recessuros
763 275 829 310 nisi
861 275 922 310 teli
951 274 1215 310 sumendi·aut
1245 274 1412 322 petendi²

143 331 180 360 et
198 330 261 359 aut
280 323 395 358 hostis
414 323 569 358 feriendi
587 330 649 357 aut
668 323 762 357 civis
788 322 961 357 servandi
985 333 1110 358 causa.
1162 322 1202 358 Id
1221 334 1267 358 ex
1286 322 1410 356 volun-

146 372 233 407 tario
252 371 346 406 inter
368 372 464 417 ipsos
491 370 639 405 foedere
673 370 718 404 ad
749 370 913 405 tribunos
938 376 975 405 et
1000 370 1048 404 ad
1074 369 1281 416 legitimam
1306 369 1412 416 juris-

142 419 287 466 jurandi
305 419 535 453 adactionem
558 417 785 453 translatum.

192 468 395 512 Contiones,
418 467 629 512 prinsquam
657 465 705 500 ab
732 465 821 501 urbe
849 465 955 511 signa
981 470 1226 511 moverentur,
1254 465 1414 500 consulis

146 515 315 549 Varronis
333 514 474 549 multae
494 526 538 548 ac
559 514 699 548 seroces
720 512 832 558 suere,
848 513 1117 548 denunciantes
1134 512 1275 548 bellum
1293 523 1413 547 arces-

144 563 255 598 situm
283 563 319 597 in
347 562 490 597 Italiam
521 561 568 596 ab
600 560 794 601 nobilibus,
822 571 1112 607 mansurumque
1148 561 1182 595 in
1211 559 1415 595 visceribus

146 611 194 645 rei
224 609 405 656 publicae,
434 610 464 644 si
491 609 615 656 plures
648 608 782 643 Fabios
810 609 1049 656 imperatores
1080 608 1244 653 haberet,
1267 619 1317 654 se,
1342 619 1415 654 quo

145 658 204 693 die
225 658 367 692 hostem
387 657 550 703 vidisset,
572 657 836 703 perfecturum.
888 657 1060 702 Collegae
1087 655 1170 702 ejus
1197 655 1312 690 Paulli
1331 666 1413 701 una,

146 705 261 752 pridie
291 716 402 751 qnam
434 705 523 740 urbe
553 704 873 751 proficisceretur,³
899 705 1022 739 contio
1053 702 1130 748 suit,
1158 704 1277 738 verior
1301 714 1413 749 quam

144 754 277 799 gratior
302 752 447 799 populo,
476 764 549 798 qua
582 752 675 787 nihil
710 751 952 786 inclementer
979 752 1014 786 in
1037 751 1239 786 Varronem
1273 750 1416 786 dictum

146 801 217 836 nisi
246 800 279 835 id
310 800 428 846 modo,
450 800 573 835 mirari
604 811 644 834 se
673 799 856 845 quomodo
885 800 967 845 quis
995 799 1081 846 dux,
1112 799 1322 846 priusquam
1352 805 1416 833 aut

146 860 255 883 suum
297 855 360 883 aut
404 847 566 883 hostium
608 847 824 891 exercitum,
869 847 1033 882 locorum
1079 847 1202 893 eitum,
1247 852 1417 881 naturam

147 895 303 942 regionis
329 902 462 941 nosset,
482 895 557 942 jam
590 906 687 930 nunc
719 901 864 940 togatus
890 895 925 929 in
955 894 1046 929 urbe
1073 895 1192 940 sciret,
1220 905 1316 940 quae
1345 892 1417 928 sibi

146 943 290 989 agenda
308 951 447 978 armato
466 943 594 988 forent,
615 948 651 976 et
670 942 772 977 diem
791 953 937 988 quoque
955 941 1168 988 praedicere
1191 947 1324 988 posset„
1345 952 1418 987 qua

146 1003 233 1026 cum
260 990 363 1026 hoste
390 991 505 1036 signis
531 990 674 1025 collatis
701 996 799 1024 esset
826 989 1083 1024 dimicaturus.
1135 988 1192 1033 Se,
1212 1000 1308 1035 quae
1333 999 1417 1023 con-

147 1039 227 1073 silia
247 1039 364 1083 magis
382 1050 439 1072 res
458 1037 547 1073 dent
568 1036 782 1072 hominibus
799 1048 913 1083 quam
940 1036 1112 1072 homines
1138 1036 1249 1072 rebus
1267 1048 1314 1071 ea
1330 1042 1417 1071 ante

148 1092 297 1132 tempus
316 1087 512 1120 immatura
531 1097 602 1120 non
621 1092 917 1131 praecepturum.
969 1084 1104 1130 Optare
1124 1090 1174 1129 ut,
1194 1095 1290 1130 quae
1309 1091 1418 1119 caute

147 1146 190 1168 ac
217 1133 382 1169 consulte
409 1140 515 1178 gesta
542 1138 678 1178 essent,
699 1133 788 1167 satis
806 1143 978 1179 prospere
998 1132 1201 1166 evenirent.
1252 1131 1418 1166 Temeri-

149 1188 273 1227 tatem,
303 1188 562 1227 praeterquam
593 1179 690 1226 quod
725 1179 837 1214 stulta
868 1180 923 1223 sit,
954 1179 1139 1214 infelicem
1167 1179 1280 1214 etiam
1308 1179 1355 1214 ad
1383 1179 1418 1213 id

149 1229 327 1264 locorum*
356 1229 482 1263 fuisse.
534 1227 591 1263 ld⁵
624 1239 691 1262 sua
725 1235 855 1274 sponte
889 1227 1090 1274 apparebat
1125 1234 1203 1262 tuta
1235 1227 1421 1262 celeribus

148 1277 308 1311 consiliis
326 1277 646 1323 prae-positurum,
674 1283 710 1310 et
737 1287 807 1321 quo
835 1276 870 1310 id
896 1275 1124 1310 constantius
1142 1274 1421 1322 perseveraret?

148 1325 190 1363 Q.
214 1325 350 1359 Fabius
368 1325 557 1360 Maximus
576 1324 628 1358 sic
651 1335 738 1358 eum
759 1323 1050 1369 proficiscentem
1070 1323 1251 1358 allocutus
1270 1323 1395 1358 fertur.

197 1375 252 1406 39.
284 1372 342 1407 ‘Si
377 1378 438 1406 aut
474 1371 667 1416 collegam,
698 1371 733 1406 id
768 1371 866 1417 quod
903 1370 1067 1417 mallem,
1097 1371 1148 1405 tui
1175 1371 1349 1416 similem,
1379 1370 1419 1405 L.

149 1419 298 1465 Aemili,
332 1419 499 1464 haberes,
531 1427 593 1453 aut
627 1425 664 1453 tu
696 1418 861 1464 collegae
895 1419 947 1453 tui
982 1430 1085 1453 esses
1119 1419 1260 1464 similis,
1297 1429 1421 1464 super-

151 1479 314 1502 vacanea
333 1475 430 1502 esset
449 1467 562 1501 oratio
581 1478 688 1501 mea:
717 1478 801 1501 nam
831 1473 867 1501 et
894 1465 966 1501 duo
992 1466 1078 1501 boni
1105 1466 1286 1512 consules,
1306 1476 1418 1500 etiarn

150 1527 210 1550 me
232 1515 445 1559 indicente,⁷
463 1515 586 1549 omnia
613 1526 633 1548 e
662 1525 698 1548 re
727 1514 885 1559 publica,
915 1513 987 1548 fide
1014 1521 1136 1548 vestra
1163 1514 1358 1559 sacerefisg
1385 1520 1423 1547 et

152 1591 247 1623 made
265 1602 283 1622 a
298 1598 417 1628 turma,
438 1599 491 1622 ten
516 1598 640 1622 turmae
662 1591 758 1631 again
775 1590 918 1622 formino
941 1601 981 1622 an
1004 1591 1212 1628 altu—and
1234 1590 1272 1622 os
1290 1591 1346 1622 the
1370 1591 1419 1622 in-

152 1632 258 1670 fantry
276 1632 344 1662 into
361 1632 542 1667 centuries,
564 1631 601 1663 of
620 1631 729 1662 which
746 1639 813 1662 two
831 1619 926 1663 made
944 1642 963 1662 a
978 1633 1179 1673 nwnipulus,
1199 1631 1292 1663 three
1316 1631 1424 1663 mani-

153 1672 224 1712 ples
241 1673 383 1712 forming
400 1683 418 1703 a
434 1672 560 1708 cohort‚
581 1672 645 1703 and
662 1679 717 1703 ten
734 1673 867 1703 cohorts
886 1683 904 1702 a
921 1672 1041 1712 legion.

194 1715 200 1731 ¹
221 1712 421 1751 Equivalent
441 1721 474 1743 to
490 1724 600 1749 causa,
620 1714 742 1747 gratia.
787 1712 852 1743 See
871 1712 1007 1751 Zumpt,
1027 1712 1045 1746 ὑ
1062 1714 1131 1745 679.

194 1753 296 1784 ²The
321 1753 419 1792 using
442 1753 479 1784 os
499 1753 578 1784 both
604 1746 699 1784 these
716 1752 826 1784 words
851 1753 878 1784 is
905 1763 946 1784 an
971 1753 1121 1784 instance
1145 1752 1184 1785 of
1202 1753 1258 1784 the
1285 1753 1419 1793 anxiety

155 1793 267 1824 which
285 1803 335 1824 we
352 1804 422 1830 see,
445 1794 475 1824 in
499 1793 543 1824 all
565 1794 622 1824 tlie
647 1792 807 1824 formulae
824 1792 862 1824 of
881 1793 1013 1824 Roman
1031 1793 1107 1829 law,
1127 1800 1162 1825 to
1177 1793 1275 1825 avoid
1290 1795 1418 1834 ground

157 1835 205 1865 for
228 1833 404 1873 quibbling
429 1835 530 1865 about
556 1833 612 1865 the
639 1841 736 1864 exact
762 1833 928 1873 meaning.
974 1833 1109 1865 Sumere
1129 1834 1158 1865 is
1184 1837 1238 1865 ‘to
1262 1835 1339 1866 take
1363 1834 1418 1874 up'

157 1875 245 1905 what
265 1873 402 1945 isgying
418 1874 530 1905 before
554 1884 617 1905 one
641 1873 800 1905 intended
823 1873 871 1905 sor
895 1884 966 1910 use,
981 1880 1091 1915 petere
1109 1878 1117 1890 ‘
1130 1881 1165 1905 to
1181 1873 1282 1906 setch’
1301 1874 1386 1906 from
1401 1886 1422 1906 a

236 1921 245 1944 t
324 1921 429 1944 istanc
455 1939 460 1944 .

155 1925 300 1985 grgqrelie
316 1925 469 1992 ordinaiy
486 1953 622 1994 reading
645 1954 673 1985 is
697 1966 734 1986 ex
756 1956 832 1986 urbe
849 1955 1132 1995 proficisceremur
1143 1965 1157 1991 ;
1183 1954 1218 1986 in
1232 1955 1348 1996 giving
1363 1955 1421 1987 the

158 1994 308 2033 singular
317 1993 388 2038 ‘and
405 1994 461 2025 the
478 2004 568 2025 mere
592 1994 736 2026 ablative
755 1994 905 2034 (Zumpt,
924 1995 942 2029 ς*
958 1997 1044 2032 482),
1063 2005 1114 2026 we
1137 1994 1249 2027 follow
1265 1997 1322 2028 the
1345 1997 1418 2028 best

157 2041 392 2072 manuscripts.

197 2076 208 2093 ⁴
226 2074 301 2112 ‘Up
319 2081 354 2104 to
369 2071 436 2104 this
453 2073 558 2104 time.’
608 2073 718 2106 Gram.
737 2074 755 2108 5>
772 2077 846 2111 275,
864 2087 891 2109 c,
910 2082 988 2106 note
1004 2078 1035 2106 5.

196 2117 208 2133 ⁵
223 2114 261 2145 Id
277 2114 355 2145 here
371 2114 400 2144 is
415 2113 637 2152 superfluous,
664 2125 700 2145 as
724 2115 887 2146 observed
911 2116 943 2146 in
966 2115 1060 2154 chap.
1078 2117 1129 2150 34.
1147 2125 1179 2155 p.
1196 2118 1269 2151 310,
1287 2122 1365 2148 note
1387 2119 1418 2148 5.

162 2154 215 2185 On
232 2154 288 2185 the
305 2153 401 2185 other
416 2153 515 2190 hand,
535 2165 605 2184 eum
627 2161 716 2185 must
734 2156 775 2186 be
791 2155 944 2194 supplied
960 2155 1072 2186 before
1090 2155 1145 2187 the
1162 2155 1336 2188 infinitive.

198 2194 438 2225 ⁵Perseverare
464 2193 492 2224 is
517 2200 585 2229 not,
611 2201 643 2224 at
671 2194 754 2225 least
770 2206 851 2234 very
874 2196 993 2235 rarely‚
1018 2195 1102 2227 used
1127 2195 1313 2228 elsewhere
1337 2197 1419 2229 with

160 2234 216 2266 the
240 2233 449 2271 accusative3
474 2233 620 2278 usually,
639 2235 675 2264 in
702 2236 814 2274 aliqua
843 2247 885 2267 re.
929 2235 998 2266 But
1023 2246 1060 2267 as
1087 2242 1122 2267 to
1148 2235 1205 2267 the
1229 2237 1420 2268 accusative

160 2281 278 2305 neuter
293 2273 331 2304 os
348 2284 367 2304 a
382 2284 531 2312 pronoun
547 2273 630 2305 wnh
645 2274 854 2306 intransitive
870 2277 982 2311 verbs,
1000 2286 1058 2307 see
1077 2276 1187 2308 Gmm.
1204 2276 1224 2310 §
1238 2279 1313 2314 249,
1330 2278 1364 2309 4.

200 2316 212 2332 ⁷
229 2313 428 2352 Equivalent
446 2321 479 2345 to
495 2325 560 2346 non
574 2315 698 2346 dicente
710 2325 724 2352 ;
751 2315 818 2347 this
833 2325 952 2347 occurs
966 2315 1152 2348 elsewhere
1166 2315 1247 2356 only
1261 2317 1296 2349 in
1309 2327 1330 2350 a
1342 2326 1418 2357 pas·
