1523 2524
675 115 801 142 mean
828 115 932 142 xxu.
1356 103 1435 140 329

172 193 304 241 frigore
326 193 579 229 excitaverant
597 190 760 236 vulnera,
780 190 829 225 ab
854 189 959 224 hoste
984 188 1147 235 oppressi
1175 193 1270 222 sunt.
1321 187 1434 226 Quos·

170 241 255 277 dam
275 246 312 276 et
326 240 494 288 jacentes
511 239 615 274 vivos
640 238 794 274 succisis
821 236 1022 272 seminibus
1047 235 1316 282 poplitibusque
1335 237 1434 270 inve·

169 293 312 334 nerunt,
339 287 522 323 nudantes
550 286 750 321 cervicem¹
778 284 1032 331 jugulumque,
1069 290 1106 318 et
1141 283 1321 329 reliquum
1354 294 1434 318 san-

170 336 321 382 guinem
345 335 518 382 jubentes
548 334 706 369 haurire.
758 333 898 368 Inventi
929 331 1081 377 quidam
1115 337 1199 366 sunt
1234 331 1364 365 mersis
1399 330 1436 366 in

169 383 343 419 effossam
378 388 512 418 terram
547 381 738 428 capitibus,
775 391 866 427 quos
907 379 974 414 sibi
1010 380 1108 425 ipsos
1142 378 1276 413 fecisse
1310 377 1436 412 foveas

170 430 442 477 obruentesque
475 440 538 464 ora
571 428 780 475 superjecta
823 427 935 462 humo
978 426 1226 461 interclusisse
1268 426 1433 472 spiritum

170 477 384 525 apparebat.
436 477 640 522 Praecipue
670 476 848 511 convertit
882 485 1011 510 omnes
1045 474 1249 508 substratus
1272 471 1436 508 Numida

170 531 314 561 mortuo
363 523 664 571 superincubanti
714 524 876 559 Romano
919 523 1033 566 vivus,
1078 532 1164 555 naso
1213 520 1435 567 auribusque

170 572 370 619 laceratis,²
386 584 484 618 curn,
512 571 682 606 manibus
706 571 754 605 ad
780 569 1004 616 capiendum
1031 568 1146 603 telum
1174 568 1370 614 inutilibus,
1398 567 1435 602 in

171 620 313 656 rabiem
331 620 384 654 ira
401 631 506 655 versa
524 618 694 654 laniando
711 618 884 653 dentibus
902 617 1046 652 hostem
1064 617 1278 662 expirasset.

219 670 278 702 52.
305 667 437 714 Spoliis
468 667 515 702 ad
551 666 710 702 multum
744 666 819 701 diei
853 665 968 710 lectis,
1004 663 1185 698 Hannibal
1218 662 1265 697 ad
1295 663 1437 697 minora

171 715 274 750 ducit
298 723 418 750 castra
444 715 700 761 oppugnanda,
729 720 765 748 et
793 713 958 748 omnium
987 712 1159 757 primum,
1187 709 1349 745 brachio³
1373 710 1435 745 ob-

170 761 277 809 Jeme,
304 762 458 798 flumine
486 773 550 797 eos
583 761 757 796 excludit.
820 761 995 795 Ceterum
1028 758 1076 793 ab
1104 757 1274 793 omnibus
1299 757 1433 803 labore,

171 810 318 856 vigiliis,
337 809 550 845 vulneribus
579 809 693 843 etiam
724 808 832 842 fessis
859 807 1035 842 maturior
1067 806 1181 852 ipsius
1206 816 1271 851 spe
1297 805 1435 840 deditio

172 863 228 892 est
254 856 365 892 facta.
418 857 519 892 Pacti
546 862 585 891 ut
611 867 714 890 arma
744 862 855 901 atque
885 865 999 900 equos
1030 853 1224 898 traderent,
1253 853 1287 887 in
1313 852 1436 899 capita

171 905 339 941 Romana
364 905 523 939 trecenis
549 903 712 939 nummis
736 902 987 949 quadrigatisf¹
1007 900 1043 935 in
1071 901 1187 935 socios
1212 900 1377 945 ducenis,
1398 900 1435 935 in

172 963 297 987 servos
313 951 492 998 centenis,
512 957 548 986 et
567 957 605 986 ut
623 961 667 985 eo
685 951 802 997 pretio
819 948 1002 996 persoluto
1020 959 1106 983 cum
1125 947 1277 993 singulis
1294 948 1436 982 abirent

171 999 413 1046 vestimentis,
434 1000 470 1035 in
488 1005 609 1034 castra
627 998 751 1033 hostes
776 1002 998 1043 acceperunt
1013 1008 1022 1041 ς
1049 995 1246 1041 traditique
1265 995 1298 1030 in
1318 1001 1434 1030 custo-

171 1046 273 1083 diam
290 1057 422 1082 omnes
444 1053 540 1092 sunt,
559 1057 725 1081 seorsum
752 1045 855 1079 cives
881 1044 1055 1089 sociique.
1108 1043 1202 1077 Dum
1223 1042 1274 1077 ibi
1290 1049 1437 1089 tempus

171 1094 310 1139 teritur,
330 1095 471 1130 interea
489 1105 575 1129 cum
593 1104 640 1128 ex
658 1092 858 1138 majoribus
875 1092 1014 1135 castris,
1034 1090 1168 1136 quibus
1193 1089 1283 1124 satis
1300 1090 1435 1125 virium

172 1147 235 1177 aut
275 1142 389 1177 animi
431 1141 511 1187 fuit,
547 1141 592 1175 ad
635 1147 804 1185 quattuor
846 1138 947 1173 milia
988 1138 1182 1172 hominum
1215 1143 1252 1171 et
1285 1136 1436 1172 ducenti

172 1188 327 1235 equites,
346 1189 408 1223 alii
425 1189 591 1234 agmine,
606 1187 668 1221 alii
695 1186 808 1233 palati
833 1186 969 1232 passim
996 1196 1060 1230 per
1084 1195 1202 1230 agros,
1221 1184 1318 1230 quod
1338 1184 1436 1220 haud

171 1237 296 1272 minus
329 1241 448 1271 tutum
483 1241 571 1280 erat,
601 1234 801 1269 Canusium
838 1232 1095 1278 perfugissent,
1125 1238 1243 1267 castra
1276 1233 1355 1278 ipsa
1388 1232 1436 1267 ab

173 1284 309 1319 sauciis
325 1283 535 1329 timidisque
554 1282 688 1317 eadem
707 1280 920 1316 condicione
938 1291 1011 1326 qua
1036 1279 1150 1315 altera
1176 1279 1309 1314 tradita
1327 1279 1435 1314 hosti.

172 1330 314 1367 Praeda
330 1331 459 1377 ingens
477 1337 579 1377 parta
597 1335 674 1374 est3
701 1334 737 1363 et
754 1333 899 1375 praeter
925 1338 1038 1373 equos
1056 1328 1223 1373 virosque
1243 1332 1279 1362 et
1297 1328 1327 1362 si
1346 1326 1436 1373 quid

171 1378 313 1424 argenti
346 1378 459 1426 (quod
493 1377 692 1424 plurimum
726 1376 763 1411 in
795 1375 957 1422 phaleris
998 1386 1173 1420 equorum
1208 1380 1306 1409 erat:
1350 1386 1438 1410 nam

171 1425 220 1461 ad
252 1425 480 1461 vescendum
514 1425 610 1460 facto
644 1424 855 1471 perexiguo,
881 1423 1009 1469 utique
1043 1422 1255 1467 militantes,
1284 1422 1436 1457 uteban-

172 1473 260 1520 tur-⁵)
277 1473 397 1508 omnis
421 1473 558 1508 cetera⁶
587 1471 726 1518 praeda
755 1470 960 1516 diripienda
986 1469 1072 1504 data
1097 1476 1164 1504 est.
1215 1469 1312 1504 Tum
1333 1480 1437 1515 sepe·

172 1520 287 1556 liendi
312 1531 426 1555 causa
450 1519 606 1555 conferri
639 1520 676 1554 in
709 1530 823 1553 unum
858 1528 1006 1564 corpora
1034 1528 1182 1552 suorum
1207 1517 1325 1562 jussit.
1377 1516 1436 1551 Ad

172 1573 254 1603 octo
270 1567 374 1603 milia
390 1567 506 1603 fuisse
522 1567 694 1602 dicuntur
719 1565 997 1600 fortissimorum
1017 1564 1188 1599 virorum.
1239 1563 1438 1599 Consulem

219 1674 229 1692 ¹
244 1672 330 1712 Livy
341 1682 421 1704 uses
437 1671 519 1703 both
536 1671 592 1702 the
609 1670 757 1710 singular
773 1669 836 1700 and
853 1668 959 1707 plural
975 1667 1013 1699 of
1023 1667 1090 1699 this
1103 1667 1194 1700 word
1211 1668 1245 1699 in
1260 1668 1303 1700 its
1319 1678 1439 1708 proper

177 1712 493 1786 εὲἕηίίῗιξΐὲῗοὲιῃιωεε
510 1711 647 1751 Zumpt,
667 1711 685 1744 ὑ
702 1712 754 1746 94,
773 1709 910 1746 middle,
930 1708 994 1740 and
1016 1713 1119 1746 note),
1139 1709 1173 1740 in
1196 1708 1238 1740 its
1260 1708 1437 1749 figurative

175 1761 318 1866 Lg'tlj'he
349 1763 536 1825 Nuniidian
562 1802 633 1824 was
663 1790 734 1822 still
760 1789 860 1827 alive,
890 1790 950 1821 but
978 1789 1030 1820 his
1057 1799 1138 1820 nose
1165 1789 1230 1821 and
1251 1799 1325 1822 ears
1349 1800 1438 1822 were

200 1833 428 1911 '‘nteffiffiffim,
447 1872 619 1914 generally
640 1875 647 1888 ‘
661 1871 717 1903 the
734 1870 830 1907 arm‚’
849 1869 930 1901 here
950 1873 957 1886 ‘
970 1880 990 1901 a
1003 1868 1147 1902 fortified
1163 1869 1264 1902 wall.’

215 1916 228 1934 ⁴
244 1914 368 1954 ‘They
394 1913 517 1954 agreed
544 1923 587 1945 on
614 1913 709 1944 three
736 1910 887 1942 hundred
914 1911 1038 1941 nummi
1065 1912 1185 1950 quadri
1204 1912 1257 1951 ati
1281 1910 1331 1943 for
1354 1911 1438 1944 each

178 1954 335 1987 Roman!
383 1954 459 1986 The
476 1953 622 1986 ablative
638 1952 676 1984 of
694 1952 804 1991 price;
830 1951 887 1982 the
903 1950 1077 1991 discharge
1094 1950 1182 1983 whic
1224 1962 1294 1983 was
1317 1959 1352 1983 to
1374 1951 1436 1984 sol-

178 1994 244 2026 low
267 1994 323 2026 the
345 2001 504 2034 payment
532 1994 560 2025 is
587 1992 779 2024 mentioned
809 1992 844 2022 in
872 1991 929 2022 the
959 1998 1038 2022 next
1069 1991 1193 2022 clause.
1238 1992 1272 2022 A
1289 2003 1438 2024 nummus

177 2036 396 2076 quadrigatas
418 2045 489 2066 was
515 2044 536 2066 a
561 2033 663 2065 silver
689 2032 857 2068 denarius,
883 2031 1036 2071 stamped
1053 2031 1135 2063 with
1163 2032 1219 2063 the
1247 2032 1343 2064 mark
1365 2031 1404 2063 of
1420 2043 1440 2064 a

177 2076 349 2116 quadriga.
394 2073 625 2113 Twenty-five
641 2073 679 2105 of
696 2073 792 2104 these
815 2072 912 2104 made
936 2083 955 2103 a
977 2083 1127 2103 nummus
1149 2083 1284 2109 aureus,
1305 2082 1343 2103 so
1366 2072 1439 2104 that

177 2115 235 2147 the
252 2125 395 2186 ιέιῐιεοῐιῐέ11
402 2114 513 2160 which
530 2124 600 2145 was
616 2113 738 2154 agreed
754 2123 842 2152 upon
864 2112 913 2144 for
935 2112 1018 2144 each
1043 2112 1177 2144 Roman
1201 2112 1382 2144 amounted
1404 2120 1440 2145 to

177 2155 398 2227 tW⁶elvlsso÷⁰of
412 2165 694 2234 {ifsssff'wrought
720 2193 771 2225 for
796 2192 940 2233 feasting
967 2192 1052 2228 (that
1081 2192 1120 2225 is.
1147 2192 1197 2224 sor
1225 2193 1372 2225 services
1398 2193 1437 2225 of

177 2235 280 2276 plate)
309 2235 501 2307 (tihienywtzsred
526 2245 608 2275 very
636 2234 721 2266 little
751 2240 783 2266 at
815 2244 880 2274 any
902 2235 996 2270 time,
1023 2232 1087 2264 and
1110 2233 1324 2274 particularly
1340 2233 1440 2266 when

177 2286 263 2335 en⁸ga
289 2286 479 2391 eegsgtion
494 2321 600 2348 cetera
615 2316 719 2347 omnis
736 2314 764 2346 is
781 2314 882 2346 much
898 2323 989 2346 more
1006 2323 1171 2346 common.
