1507 2492
627 106 753 133 Lim-:R
781 107 823 132 11.
1277 94 1347 130 151

97 184 233 220 dictam
264 180 536 230 perduellionis,
566 180 854 225 damnatumque
887 179 1008 226 populi
1040 178 1184 225 judicio,
1216 177 1353 212 dirutas

100 231 245 278 publice
263 230 387 264 aedes.
439 229 493 263 Ea
512 235 564 263 est
584 240 670 261 area
695 235 778 261 ante
804 226 962 260 Telluris
986 227 1130 260 aedem.
1181 225 1352 260 Ceterum

99 280 176 313 sive
193 278 277 312 illud
297 277 549 319 domesticum,
570 276 646 309 sive
665 274 850 320 publicum
871 274 935 307 suit
951 273 1139 319 judicium,
1159 271 1354 306 damnatur

99 325 171 360 Ser.
192 324 364 368 Cornelio,
385 323 428 361 Q.
447 323 560 357 Fabio
578 321 800 355 consulibus.

145 375 202 407 42.
230 370 335 404 Haud
369 371 539 404 diuturna
568 369 619 402 ira
646 368 766 413 populi
797 368 830 401 in
867 367 1030 401 Cassium
1061 365 1139 401 suit.
1190 363 1353 399 Dulcedo

97 418 260 464 agrariae
287 418 378 462 legis
405 417 483 462 ipsa
508 427 571 461 per
597 426 647 459 se,
667 415 815 459 dempto
841 420 997 457 auctore,
1018 413 1161 447 subibat
1188 412 1353 456 animos;

97 475 326 510 accensaque
345 476 389 497 ea
407 463 585 509 cupiditas
611 468 664 496 est
690 462 925 505 malignitate¹
947 461 1102 504 Parrum,
1122 460 1181 504 qui
1201 459 1354 493 devictis

99 524 142 547 eo
159 523 252 546 anno
275 511 412 545 Volscis
429 511 638 555 Aequisque
659 508 809 542 militem
829 507 965 552 praeda
990 506 1225 541 fraudavere:
1254 505 1354 550 quic-

99 560 188 606 quid
211 566 358 603 captum
377 569 422 591 ex
439 557 602 591 hostibus
627 562 692 601 est7
712 554 875 589 vendidit
895 554 1029 588 Fabius
1045 552 1169 588 consul
1187 563 1231 586 ac
1248 551 1352 586 rede-

99 607 153 652 git
174 607 208 640 in
227 605 427 651 publicum.
1189 611 1203 623 κ

147 654 310 688 Invisum
343 658 418 686 erat
453 650 606 685 Fabium
639 659 770 682 nornen
806 647 904 694 plebi
939 654 1081 693 propter
1114 645 1353 680 novissimum

101 700 310 735 consulem:
346 705 494 732 tenuere
529 703 650 730 tamen
687 696 818 739 Patres,
856 701 893 729 ut
927 706 1010 728 curn
1046 694 1084 728 L.
1121 693 1276 727 Aemilio
1309 693 1352 726 K.

100 747 236 782 Fabius
253 745 378 780 consul
399 750 592 778 crearetur.
646 743 697 776 Eo
725 742 885 776 infestior
903 741 1000 775 sacta
1027 740 1153 786 plebes
1178 739 1354 773 seditione

101 793 304 828 domestica
337 792 474 826 bellum
508 796 699 824 externum
733 789 889 832 excivit3
934 788 1028 822 bello
1062 786 1193 820 deinde
1227 786 1355 820 civiles

101 839 304 875 discordiae
336 838 573 872 intermissae.
626 836 704 870 Uno
732 836 853 870 animo
883 835 1008 868 Patres
1035 846 1079 868 ac
1108 832 1211 878 plebs
1241 832 1354 866 rebel-

100 887 218 922 lantes
253 885 400 920 Volscos
433 891 468 918 et
502 886 650 928 Aequos
691 882 784 916 duce
826 881 982 916 Aemilio
1025 891 1194 925 prospera
1235 890 1356 924 pugna

100 935 235 969 vicere.
287 932 371 967 Plus
389 938 508 966 tamen
526 930 682 964 hostium
700 929 788 973 fuga
805 940 913 974 quam
934 928 1110 973 proelium
1129 927 1352 971 absumpsit:

99 981 193 1016 adeo
210 980 442 1026 pertinaciter
462 978 560 1012 fusos
580 977 732 1010 insecuti
756 982 837 1010 suut
856 976 1010 1020 equites.
1062 974 1218 1009 Castoris
1242 973 1356 1007 aedes

100 1028 232 1063 eodem
251 1037 343 1061 anno
362 1025 488 1061 Idibus
501 1024 720 1062 Quintilibus
732 1023 899 1056 dedicata
917 1028 982 1055 est.
1034 1022 1124 1055 Vota
1138 1027 1213 1054 erat
1228 1020 1355 1053 Latino

100 1075 210 1115 bello,
231 1074 415 1108 Postumio
441 1071 616 1106 dictatore
632 1071 655 1104 :²
680 1070 774 1104 filius
801 1069 881 1114 ejus
907 1068 1077 1102 duumvir
1097 1067 1141 1101 ad
1172 1066 1209 1100 id
1236 1067 1356 1111 ipsum

101 1128 246 1156 creatus
263 1119 459 1154 dedicavit.

150 1167 336 1203 Sollicitati
363 1172 399 1200 et
425 1177 467 1199 eo
493 1175 586 1198 anno
612 1169 694 1197 sunt
719 1162 912 1196 dulcedine
938 1161 1100 1206 agrariae
1126 1160 1218 1205 legis
1242 1159 1356 1194 animi

102 1214 231 1260 plebis.
281 1213 433 1246 Tribuni
462 1211 581 1257 plebis
607 1209 818 1256 popularem
847 1215 1064 1254 potestatem
1089 1208 1169 1252 lege
1194 1207 1356 1252 populari

102 1260 337 1296 celebrabant
351 1260 375 1304 3³
400 1260 525 1293 Patres
550 1258 639 1291 satis
665 1267 843 1301 superque
868 1256 1012 1300 gratuiti
1032 1253 1166 1289 favoris
1184 1254 1217 1288 in
1237 1253 1355 1288 multi-

103 1308 243 1343 tudine⁴
260 1307 450 1341 credentes
467 1316 558 1346 esse,
578 1304 784 1348 largitiones
810 1302 1094 1347 temeritatisque
1120 1301 1356 1335 invitamenta

103 1355 308 1390 horrebant.
359 1352 539 1388 Acerrimi
558 1351 723 1386 Patribus
735 1350 849 1383 duces
866 1349 911 1383 ad
931 1348 1171 1383 resistendum
1190 1347 1357 1381 consules

103 1402 219 1437 fuere.
272 1402 325 1436 Ea
358 1400 466 1445 igitur
500 1410 583 1444 pars
616 1398 666 1432 rei
701 1397 870 1443 publicae
895 1396 994 1440 vicit,
1024 1406 1092 1429 nec
1120 1395 1156 1429 in
1186 1405 1358 1439 praesens

103 1449 224 1493 modo,
244 1448 305 1482 sed
334 1448 370 1481 in
387 1447 594 1481 venientem
623 1445 732 1479 etiam
760 1455 895 1478 annum
922 1443 976 1477 M.
997 1442 1162 1487 Fabium,
1182 1441 1358 1476 Kaesonis

104 1496 264 1538 fratrem,
281 1500 316 1528 et
334 1494 450 1538 magis
468 1493 624 1527 invisum
643 1491 795 1526 alterum
815 1490 914 1536 plebi
925 1490 1154 1524 accusatione
1173 1488 1231 1534 Sp.
1244 1487 1359 1522 Cassii

105 1544 146 1577 L.
165 1542 351 1576 Valerium
369 1540 538 1574 consules
555 1539 667 1573 dedit.

153 1590 337 1624 Certatum
372 1599 414 1621 eo
447 1597 591 1632 quoque
625 1596 718 1619 anno
751 1596 837 1618 cum
870 1582 1024 1618 tribunis
1051 1588 1117 1616 est.
1168 1582 1271 1614 Vana
1300 1580 1360 1615 lex

106 1636 263 1681 vanique
277 1635 369 1680 legis
386 1641 551 1668 auctores
567 1632 736 1678 jactando
752 1632 887 1665 irritum
901 1641 1030 1664 manus
1042 1629 1154 1662 sacti.⁵
1204 1628 1360 1672 Fabium

107 1683 193 1718 inde
225 1693 359 1717 nornen
388 1681 517 1726 ingens
548 1686 627 1726 post
656 1686 728 1713 tres
754 1679 943 1712 continuos
970 1676 1188 1720 consulatus,
1216 1686 1360 1720 unoque

149 1789 160 1805 ¹
176 1789 184 1802 ‘
197 1784 410 1824 Stinginess.’
429 1782 572 1822 opposed
591 1788 624 1812 to
639 1781 831 1821 benignitas.

149 1829 161 1846 ²
175 1826 238 1856 See
255 1825 349 1863 chap.
367 1827 415 1854 20.
461 1823 545 1854 This
569 1821 691 1859 temple
709 1830 776 1850 was
793 1827 825 1850 at
842 1818 898 1849 the
922 1817 992 1849 side
1015 1817 1051 1848 of
1067 1817 1123 1848 the
1140 1816 1276 1851 Forum,
1296 1814 1361 1847 and

109 1865 298 1904 frequently
313 1863 432 1895 served
454 1863 487 1894 in
509 1862 708 1894 after-times
727 1871 762 1890 as
779 1870 797 1890 a
812 1859 901 1890 curia
921 1857 970 1889 for
986 1858 1041 1889 the
1064 1857 1228 1896 meetings
1250 1855 1288 1887 of
1305 1856 1360 1886 the

111 1913 235 1937 senate.

151 1947 164 1964 ³
179 1948 186 1962 ‘
199 1945 298 1983 They
313 1943 455 1983 brought
471 1943 540 1974 into
557 1940 657 1972 note.’

151 1987 164 2004 ⁴
179 1988 186 2001 ¹
200 1985 289 2015 That
306 1984 360 2014 the
377 1984 524 2014 tribunes
541 1981 603 2012 had
621 1990 710 2011 more
733 1979 813 2010 than
834 1978 964 2018 enough
987 1977 1024 2009 os
1041 1976 1225 2016 gratuitous
1247 1975 1362 2006 favour

112 2035 233 2063 among
256 2024 312 2054 the
335 2022 542 2054 multitude:’
567 2021 748 2061 gratuitus,
778 2019 886 2049 ‘what
910 2019 937 2050 is
960 2019 1058 2058 given
1080 2016 1195 2054 sreely,
1221 2015 1361 2045 without

112 2070 282 2104 payment,
296 2073 331 2094 or
347 2063 430 2101 hope
447 2062 484 2092 of
494 2060 673 2100 payment.'
721 2059 882 2097 Compare
894 2059 913 2089 i.
925 2061 974 2090 47.
1019 2057 1094 2087 The
1105 2056 1256 2093 ordinary
1266 2054 1358 2085 read-

112 2105 169 2144 ing
181 2104 343 2143 isfuroru's
357 2102 482 2133 instead
496 2101 683 2140 offuvoris;
703 2100 759 2129 but
772 2099 825 2129 the
840 2098 996 2129 historian
1007 2097 1066 2127 has
1078 2104 1132 2126 not
1146 2097 1228 2125 been
1242 2093 1358 2132 speak-

113 2145 170 2189 ing
185 2142 373 2187 previously
389 2142 426 2172 of
444 2152 482 2172 an
499 2139 659 2171 outbreak
675 2138 713 2169 of
721 2139 823 2182 sicror
837 2148 956 2176 among
973 2138 1028 2167 the
1042 2137 1141 2176 plebs,
1161 2134 1361 2174 andsavoris

113 2194 142 2215 ¹8
153 2181 488 2260 gherrkpgdxijpgpgggrlge
501 2182 976 2261 &festthxgialpiililsitrhztsiribqnes)
999 2215 1062 2245 lost
1086 2214 1171 2244 their
1193 2213 1295 2243 credit
1316 2213 1362 2251 by

114 2262 276 2334 speaking
296 2261 397 2293 much
419 2261 590 2302 (jactando)
611 2259 711 2290 about
726 2268 744 2289 a
759 2257 819 2297 gift
835 2257 956 2293 which,
975 2255 1057 2287 aster
1073 2254 1128 2291 all,
1147 2262 1239 2284 came
1255 2259 1289 2284 to
1303 2262 1360 2283 no-

112 2308 127 2333 t
154 2312 217 2342 ing.
