1539 2508
85 78 167 116 276
633 90 668 116 τ.
700 91 813 117 Livii.

86 163 198 209 nibal,
225 164 455 210 captivorum
482 164 544 210 qui
571 164 692 199 Latini
719 165 876 201 nominis
901 171 1025 202 essent
1054 166 1134 202 sine
1160 167 1276 214 pretio
1301 167 1354 203 di·

85 211 221 257 missis,
242 211 417 247 Romanis
437 212 470 246 in
491 211 639 246 vincula
665 212 771 258 datis,
792 220 985 259 segregata
1010 226 1059 250 ex
1082 213 1244 250 hostium
1271 226 1354 250 ooa-

85 265 316 294 cervatorum
344 259 502 294 cumulis
529 270 679 311 corpora
704 272 856 296 suorum
882 273 968 297 cum
996 261 1144 308 sepeliri
1170 262 1352 310 jussisset,

84 305 255 342 Flaminii
275 319 418 353 quoque
438 318 570 353 corpus
589 308 729 342 funeris
746 319 860 344 causa
877 321 1011 356 magna
1024 321 1111 345 cum
1129 322 1218 346 cura
1235 311 1354 357 inqui·

84 360 197 389 situm
217 366 285 389 non
307 362 456 389 invenit.

132 402 270 437 Romae
297 401 344 436 ad
372 403 532 448 primum
560 403 737 438 nuncium
764 403 879 439 cladis
905 404 988 450 ejus
1013 415 1099 440 cum
1126 405 1265 452 ingenti
1283 411 1352 441 ter-

83 460 161 484 rore
179 461 224 484 ac
243 449 402 484 tumultu
421 461 621 485 concursus
648 451 682 485 in
711 451 828 486 sorum
856 452 980 498 populi
1007 459 1065 487 est
1087 452 1220 489 sactus.
1271 454 1352 489 Ma-

84 502 208 532 tronae
227 508 344 542 vagae
363 509 427 544 per
445 498 533 542 vias,
554 509 650 544 quae
677 510 809 545 repens
835 500 962 534 clades
987 500 1100 536 allata
1121 512 1266 547 quaeve
1285 501 1353 536 for·

83 550 170 579 tuna
184 544 370 579 exercitus
383 553 493 590 esset,
510 546 639 580 obvios
652 554 948 592 percunctantur.
989 548 1134 583 Etcum
1150 547 1356 595 frequentis

82 592 262 627 contionis
297 593 404 627 modo
441 593 546 628 turba
577 594 610 628 in
641 595 832 630 comitium
859 602 895 630 et
921 596 1061 630 curiam
1088 607 1195 630 versa
1220 597 1353 642 magis·

83 645 198 674 tratus
225 648 381 685 vocaret,
411 641 560 676 tandem
597 641 694 677 haud
729 643 845 677 multo
872 650 958 678 ante
985 643 1072 678 solis
1097 655 1271 680 occasum
1295 644 1352 679 M.

82 687 308 733 Pomponius
349 696 492 735 praetor
530 689 689 734 ‘Pugna'
726 690 841 736 inquit
879 693 1034 737 ‘magna
1067 691 1154 726 victi
1196 691 1352 727 sumtis.²

83 735 131 770 Et
157 746 385 782 quamquam
411 736 500 771 nihil
527 737 665 772 certius
690 750 737 773 ex
762 750 806 773 eo
831 739 1000 774 auditum
1027 746 1094 786 est,
1115 745 1240 775 tamen
1257 739 1354 775 alius

81 783 129 818 ab
155 783 227 818 alio
254 784 396 830 impleti
424 785 632 820 rumoribus
657 785 807 821 domos·
844 787 1006 822 referunt
1040 787 1232 823 consulem
1266 799 1353 823 cum

81 842 217 876 magna
243 839 345 878 parte
372 833 559 878 copiarum
586 844 762 878 caesum,
792 846 987 881 superesse
1013 846 1151 881 paucos
1175 842 1239 870 aut
1266 835 1354 881 suga

80 878 220 924 passim
255 891 320 925 per
355 880 539 915 Etruriam
575 892 719 926 sparsos
753 888 815 916 aut
848 888 975 928 captos
1007 882 1055 917 ab
1088 882 1206 918 hoste.
1257 883 1353 922 Quot

81 937 189 961 casus
214 927 398 962 exercitus
423 928 511 962 victi
538 928 695 974 fuerant,
724 934 774 963 tot
810 929 845 964 in
879 940 987 964 curas
1019 930 1202 976 dispertiti
1234 930 1351 965 animi

82 984 207 1009 eorum
242 981 356 1021 erant,
392 987 547 1022 quorum
581 977 772 1022 propinqui
808 976 876 1012 sub
910 977 950 1012 C.
989 977 1166 1013 Flaminio
1200 977 1352 1013 consule

81 1028 305 1068 meruerant,
326 1023 568 1068 ignorantium
589 1035 683 1069 quae
703 1024 882 1070 cujusque
901 1036 1049 1061 suorum
1068 1025 1213 1061 fortuna
1230 1032 1350 1060 esset:

81 1080 152 1104 nec
177 1069 375 1116 quisquam
394 1072 482 1106 satis
498 1078 642 1106 certum
661 1071 783 1116 habet,
803 1071 891 1118 quid
909 1079 972 1108 aut
991 1079 1112 1120 speret
1129 1079 1192 1108 aut
1209 1073 1352 1108 timeat.

81 1116 230 1152 Postero
256 1129 300 1153 ac
326 1119 506 1165 deinceps
531 1118 671 1164 aliquot
698 1119 833 1154 diebus
858 1120 904 1154 ad
939 1128 1063 1167 portas
1091 1120 1208 1167 major
1240 1131 1352 1167 prope

80 1164 281 1201 mulierum
316 1177 430 1212 quam
457 1167 617 1202 virorum
651 1167 848 1202 multitudo
882 1169 994 1214 stetit,
1021 1174 1086 1204 aut
1114 1179 1263 1204 suorum
1289 1167 1354 1203 ali-

80 1223 193 1258 quem
219 1220 283 1249 aut
309 1215 463 1250 nuncios
488 1214 534 1249 de
561 1214 618 1250 his
643 1215 860 1261 opperiens;
887 1215 1354 1262 circumfundebanturque

80 1260 198 1296 obviis
215 1262 458 1308 sciscitantes,
479 1274 602 1308 neque
627 1262 750 1308 avelli,
771 1263 914 1309 utique²
939 1263 987 1299 ab
1013 1265 1118 1310 notis,
1137 1265 1354 1311 priusquam

80 1308 206 1343 ordine
232 1310 355 1344 omnia
383 1310 633 1355 inquisissent,
653 1316 831 1355 poterant.
885 1311 976 1345 Inde
1003 1312 1125 1347 varios
1150 1311 1275 1347 vultus
1300 1311 1353 1346 di-

79 1356 328 1401 gredientium
353 1357 401 1391 ab
428 1356 572 1391 nunciis
598 1368 778 1403 cerneres,
801 1363 838 1392 ut
864 1359 1001 1404 cuique
1027 1359 1126 1394 laeta
1151 1364 1215 1394 aut
1237 1359 1354 1394 tristia.

80 1403 359 1450 nunciabantur,
398 1403 697 1450 gratulantesque
735 1411 798 1439 aut
842 1406 1074 1442 consolantes
1111 1405 1354 1442 redeuntibus

80 1449 210 1486 domos
243 1451 496 1486 circumfusos.
550 1451 789 1487 Feminarum
824 1454 1025 1500 praecipue
1058 1459 1096 1489 et
1127 1453 1266 1500 guadia
1299 1454 1352 1489 in-

80 1498 198 1543 signia
231 1505 334 1534 erant
369 1506 405 1534 et
439 1499 574 1534 luctus.
642 1499 765 1535 Unam
800 1501 834 1535 in
871 1501 950 1547 ipsa
983 1507 1086 1548 porta
1119 1502 1246 1548 sospiti
1278 1501 1352 1538 filio

80 1553 231 1592 repente
249 1547 411 1582 oblatam
430 1547 465 1582 in
484 1553 685 1593 conspectu
704 1547 785 1594 ejus
803 1549 992 1595 expirasse
1011 1549 1158 1596 ferunt3
1183 1549 1352 1597 alteram,

79 1594 139 1628 cui
165 1606 264 1630 mors
289 1595 354 1630 filii
379 1594 470 1630 salso
496 1595 672 1630 nunciata
698 1605 786 1641 erat,
806 1603 989 1632 maestam
1017 1597 1213 1633 sedentem
1238 1597 1351 1644 domi,

79 1640 127 1676 ad
153 1643 312 1688 primum
347 1650 588 1689 conspectum
625 1643 813 1678 redeuntis
839 1644 902 1679 filii
928 1644 1063 1690 gaudio
1087 1645 1203 1680 nimio
1229 1646 1354 1681 exani·

79 1696 234 1725 matam.
286 1690 462 1726 Senatum
489 1698 675 1737 praetores
700 1703 766 1738 per
783 1691 866 1727 dies
891 1691 1031 1739 aliquot
1057 1692 1105 1729 ab
1131 1699 1208 1728 orto
1234 1705 1353 1740 usque

79 1736 127 1771 ad
153 1738 387 1773 occidentem
407 1738 523 1773 solem
550 1739 584 1773 in
612 1739 714 1774 curia
733 1739 902 1786 retinent,
923 1740 1176 1777 consultantes
1193 1752 1354 1787 quonam

80 1783 177 1819 duce
195 1791 259 1820 aut
277 1786 412 1831 quibus
429 1786 546 1832 copiis
563 1787 683 1821 resisti
702 1787 902 1823 victoribus
920 1788 1052 1823 Poenis
1069 1795 1206 1835 posset.

128 1835 162 1866 8.
193 1833 409 1879 Priusquam
435 1835 524 1868 satis
551 1840 652 1868 certa
677 1834 831 1869 consilia
857 1841 991 1881 essent,
1011 1847 1146 1882 repens
1170 1835 1248 1871 alia
1262 1847 1353 1871 nun-

79 1880 199 1914 ciatur
225 1880 361 1926 clades,
382 1887 552 1928 quattuor
577 1882 681 1916 milia
707 1882 873 1928 equitum
899 1894 984 1918 cum
1004 1883 1043 1918 C.
1071 1883 1248 1919 Centenio
1273 1895 1353 1930 pro-

79 1933 247 1972 praetore
273 1928 389 1963 missa
414 1929 461 1963 ad
488 1929 669 1975 collegam
696 1929 744 1965 ab
765 1930 919 1965 Servilio
945 1931 1096 1967 consule
1123 1932 1160 1966 in
1186 1931 1351 1977 Umbria,

79 1985 151 2019 quo
178 1981 259 2020 post
285 1987 446 2021 pugnam
473 1977 520 2012 ad
547 1977 807 2013 Trasimenum
837 1978 1004 2014 auditam
1030 1985 1240 2014 averterant
1272 1979 1352 2025 iter,

78 2022 126 2057 ab
153 2022 360 2057 Hannibale
394 2023 661 2059 circumventa.
715 2025 814 2071 Ejus,
840 2026 893 2060 rei
926 2026 1028 2061 fama
1053 2028 1156 2062 varie
1181 2026 1354 2062 homines

78 2069 218 2105 affecit.
270 2071 370 2113 Pars,
385 2073 571 2117 occupatis
589 2073 730 2119 majore
747 2074 982 2123 aegritudine
999 2075 1144 2122 animis,
1164 2074 1290 2110 levem
1307 2086 1354 2110 ex

120 2184 130 2202 ¹
148 2186 155 2199 ¹
169 2183 304 2215 Home.’
352 2182 419 2214 We
448 2182 533 2213 have
561 2182 653 2220 here,
683 2184 746 2216 and
777 2185 877 2225 again
903 2185 1034 2227 shortly
1057 2185 1266 2224 afterwards,
1295 2187 1354 2219 the

78 2223 200 2263 plural,
219 2224 365 2255 because
382 2223 543 2263 referring
560 2231 594 2254 to
611 2234 630 2254 a
647 2226 790 2258 number
805 2225 844 2258 of
861 2236 1001 2266 persons
1018 2227 1095 2259 who
1110 2227 1177 2260 had
1199 2233 1354 2268 separate

78 2264 215 2297 houses.
261 2264 326 2296 See
348 2264 458 2296 Gram.
478 2263 495 2297 ὑ
512 2266 585 2301 257,
601 2272 683 2309 *note
699 2268 729 2297 4.

119 2306 132 2324 '³
148 2308 156 2321 ⁴
170 2304 422 2345 Particularly.‘
469 2305 534 2338 See
551 2315 619 2336 xm.
637 2307 689 2343 48,
709 2313 797 2339 note.
